% dvorkin.bib:  personal BiBTeX master reference file

@article
{Abney2004a,
  title = "Understanding the {Y}arowsky algorithm",
  author = "Abney, S.",
  journal = "Computational Linguistics",
  volume = "30",
  number = "3",
  pages = "365-395",
  year = "2004",
  publisher = "MIT Press"
}

@article
{Abnizova2007a,
	author = "I. Abnizova and T. Subhankulova and W.R. Gilks",
	title = "Recent computational approaches to understand gene regulation: Mining gene regulation \textit{in silico}",
	journal = "Current Genomics",
	volume = "8",
	number = "2",
	pages = "79-91",
	month = "April",
	year = "2007",
} % great source for references (from 2007 and before, anyway ...)
%	url = "http://www.ncbi.nlm.nih.gov/pmc/articles/PMC2435357/",

@article
{Akaike1974a,
	author = "Akaike, H.", 
	journal = "IEEE Transactions on Automatic Control",
	title = "A new look at the statistical model identification", 
	year = "1974",
	volume = "19", 
	number = "6", 
	pages = "716-723",
	doi = "10.1109/TAC.1974.1100705", 
} % original AIC (Akaike Information Criterion) paper

@book
{Alberts2002a,
	author = "B. Alberts and A. Johnson and J. Lewis and M. Raff and K. Roberts and others",
	title = "Molecular Biology of the Cell",
	publisher = "Garland Science",
	address = "New York",
	year = "2002",
	edition = "fourth",
}%author = "B. Alberts and A. Johnson and J. Lewis and M. Raff and K. Roberts and P. Walter",

@article
{Alcedo2000a,
	title = "Posttranscriptional Regulation of {S}moothened Is Part of a Self-Correcting Mechanism in the {H}edgehog Signaling System",
	journal = "Molecular Cell",
	volume = "6",
	number = "2",
	pages = "457-465",
	year = "2000",
	doi = "10.1016/S1097-2765(00)00044-7",
	author = "J. Alcedo and Y. Zou and M. Noll",
}
	%issn = "1097-2765",
	%url = "http://www.sciencedirect.com/science/article/pii/S1097276500000447",

@article
{Alexandridis2004a,
	author = "Alexandridis, R. and Lin, S. and Irwin, M.", 
	title = "Class discovery and classification of tumor samples using mixture modeling of gene expression data---a unified approach", 
	volume = "20", 
	number = "16", 
	pages = "2545-2552", 
	year = "2004", 
	doi = "10.1093/bioinformatics/bth281",
	journal = "Bioinformatics",
} 
%	url = "http://bioinformatics.oxfordjournals.org/content/20/16/2545.abstract",

@incollection
{Asparouhov2007a,
  author = "T. Asparouhov and B. Muthen",
  title = "Multilevel mixture models",
  editor = "G.R. Hancock and K.M. Samuelsen",
  booktitle  = "Advances in Latent Variable Mixture Models",
  pages = "27-51",
  publisher = "Information Age Publishing",
  year = 2007,
}

@article
{Azzalini2005a,
	author = "Azzalini, A.",
	title = "The Skew-normal Distribution and Related Multivariate Families",
	journal = "Scandinavian Journal of Statistics",
	volume = "32",
	number = "2",
	doi = "10.1111/j.1467-9469.2005.00426.x",
	pages = "159-188",
	year = "2005",
}
%	url = "http://dx.doi.org/10.1111/j.1467-9469.2005.00426.x",

@inproceedings
{Bailey1994a,
	author = "T.L. Bailey and C. Elkan",
	title = "Fitting a mixture model by expectation maximization to discover motifs in biopolymers",
	booktitle = "Proceedings of the Second International Conference on Intelligent Systems for Molecular Biology",
	pages = "28-36",
	year = "1994",
	publisher = "AAAI Press",
	url = "http://www.sdsc.edu/\~{}tbailey/papers/ismb94.pdf",
}

@article
{Bantignies2002a,
	author = "Bantignies, F. and Goodman, R.H. and Smolik, S.M.", 
	title = "The interaction between the coactivator {dCBP} and {M}odulo, a chromatin-associated factor, affects segmentation and melanotic tumor formation in \textit{Drosophila}", 
	volume = "99", 
	number = "5", 
	pages = "2895-2900", 
	year = "2002", 
	doi = "10.1073/pnas.052509799", 
	journal = "Proceedings of the National Academy of Sciences",
}
%	url = "http://www.pnas.org/content/99/5/2895.abstract",

@article
{Barrett2009a,
	author = "Barrett, T. and Troup, D.B. and Wilhite, S.E. and Ledoux, P. and Rudnev, D. and others",
	title = "{NCBI GEO}: archive for high-throughput functional genomic data",
	journal = "Nucleic Acids Research",
	volume = "37",
	number = "Database issue",
	pages = "D885-D890",
	doi = "10.1093/nar/gkn764",
	year = "2009",
} % see also GEOsite
%	url = "http://nar.oxfordjournals.org/cgi/content/abstract/37/suppl\_1/D885",
%author = "Barrett, T. and Troup, D.B. and Wilhite, S.E. and Ledoux, P. and Rudnev, D. and Evangelista, C. and Kim, I.F. and Soboleva, A. and Tomashevsky, M. and Marshall, K.A. and Phillippy, K.H. and Sherman, P.M. and Muertter, R.N. and Edgar, R.",

@article
{Baum1970a,
	title = "A Maximization Technique Occurring in the Statistical Analysis of Probabilistic Functions of {M}arkov Chains",
	author = "Baum, L.E. and Petrie, T. and Soules, G. and Weiss, N.",
	journal = "The Annals of Mathematical Statistics",
	volume = "41",
	number = "1",
	pages = "164-171",
	year = "1970",
}
%	url = "http://www.jstor.org/stable/2239727",

@misc
{BDGP4site,
	author = "{Berkeley Drosophila Genome Project}",
	title = "{BDGP}:  Release 4",
	year = "2013",
	note = "Retrieved January 11, 2013, from http://www.fruitfly.org/sequence/release4genomic.shtml",
}

@misc
{BDGPinsitu,
	author = "{Berkeley Drosophila Genome Project}",
	title = "Patterns of gene expression in \textit{Drosophila} embryogenesis",
	year = "2013",
	note = "Retrieved January 11, 2013, from http://insitu.fruitfly.org/cgi-bin/ex/insitu.pl",
}% BDGP in situ gene expression patterns; see also Tomancak2007a

@article
{Benaglia2009a,
	title = "{mixtools}: An {R} Package for Analyzing Finite Mixture Models",
	author = "T. Benaglia and D. Chauveau and D.R. Hunter and D. Young",
	journal = "Journal of Statistical Software",
	year = "2009",
	volume = "32",
	number = "6",
	pages = "1-29",
}
%	url = "http://www.jstatsoft.org/v32/i06/",

@article
{Benjamini1995a,
	author = "Y. Benjamini and Y. Hochberg",
	title = "Controlling the False Discovery Rate: A Practical and Powerful Approach to Multiple Testing",
	journal = "Journal of the Royal Statistical Society, Series B (Methodological)",
	volume = "57",
	number = "1",
	year = "1995",
	pages = "289-300",
}

@article
{Bezdek1984a,
	title = "{FCM}:  The fuzzy c-means clustering algorithm",
	author = "Bezdek, J.C. and Ehrlich, R. and Full, W.",
	journal = "Computers \& Geosciences",
	volume = "10",
	number = "2",
	pages = "191-203",
	year = "1984",
}

@misc
{Bhat2010a,
	author = "H.S. Bhat and N. Kumar",
	title = "On the derivation of the {B}ayesian information criterion",
	year = "2010",
	url = "http://nscs00.ucmerced.edu/\~{}nkumar4/BhatKumarBIC.pdf",
} % short informal paper on derivation of BIC

@book
{Bickel2007a,
	author = "P.J. Bickel and K.A. Doksum",
	title = "Mathematical Statistics:  Basic Ideas and Selected Topics",
	volume = "I",
	edition = "updated printing, second",
	year = "2007",
	printing = "updated",
	publisher = "Pearson Prentice Hall",
	address = "Upper Saddle River, New Jersey",
}

@article
{Biehs2010a,
	author = "B. Biehs and K. Kechris and S.M. Liu and T.B. Kornberg",
	title = "Hedgehog targets in the {D}rosophila embryo and the mechanisms that generate tissue-specific outputs of {H}edgehog signaling",
	journal = "Development",
	volume = "137",
	number="22",
	pages = "3887-3898",
	year = "2010",
	doi="10.1242/dev.055871",
}

@article
{Biemar2006a,
	author = "Biemar, F. and Nix, D.A. and Piel, J. and Peterson, B. and Ronshaugen, M. and others", 
	title = "Comprehensive identification of {D}rosophila dorsal-ventral patterning genes using a whole-genome tiling array", 
	volume = "103", 
	number = "34", 
	pages = "12763-12768", 
	year = "2006", 
	doi = "10.1073/pnas.0604484103", 
	eprint = "http://www.pnas.org/content/103/34/12763.full.pdf+html", 
	journal = "Proceedings of the National Academy of Sciences",
} % big Dorsal study; see also http://www.ncbi.nlm.nih.gov/geo/query/acc.cgi?acc=GSE5434 
%	URL = "http://www.pnas.org/content/103/34/12763.abstract", 
%author = "Biemar, F. and Nix, D.A. and Piel, J. and Peterson, B. and Ronshaugen, M. and Sementchenko, V. and Bell, I. and Manak, J.R. and Levine, M.S.", 


@article
{Biernacki2000a,
	author = "Biernacki, C. and Celeux, G. and Govaert, G.", 
	journal = "IEEE Transactions on Pattern Analysis and Machine Intelligence", 
	title = "Assessing a mixture model for clustering with the integrated completed likelihood", 
	year = "2000", 
	month = "July", 
	volume = "22", 
	number = "7", 
	pages = "719-725",
	doi = "10.1109/34.865189",
} % main ICL-BIC reference

@misc
{BioNLPsite,
	author = "{University of Colorado Denver Center for Computational Pharmacology}",
	title = "{BioNLP}",
	year = "2010", 
	url = "Retrieved June 10, 2010, from http://bionlp.sourceforge.net/",
}

@article
{Boutanaev2002a,
	author = "Boutanaev, A.M. and Kalmykova, A.I. and Shevelyov, Y.Y. and Nurminsky, D.I.",
	title = "Large clusters of co-expressed genes in the \textit{Drosophila} genome",
	journal = "Nature",
	year = "2002",
	month = "December 12",
	volume = "420",
	number = "6916",
	pages = "666-669",
	doi = "10.1038/nature01216"
}

@article
{Box1964a,
	author = "G.E.P. Box and D.R. Cox",
	title = "An Analysis of Transformations",
	journal = "Journal of the Royal Statistical Society, Series B (Methodological)",
	volume = "26",
	number = "2",
	year = "1964",
	pages = "211-252",
}

@article
{Breitling2008a,
	author = "Breitling, R. and Li, Y. and Tesson, B.M. and Fu, J. and Wu, C. and others",
	journal = "{PLoS} Genetics",
    title = "Genetical Genomics: Spotlight on {QTL} Hotspots",
    year = "2008",
    month = "October",
    volume = "4",
    pages = "e1000232",
    number = "10",
    doi = "10.1371/journal.pgen.1000232",
}
%    url = "http://dx.doi.org/10.1371/journal.pgen.1000232",
% author = "Breitling, R. and Li, Y. and Tesson, B.M. and Fu, J. and Wu, C. and Wiltshire, T. and Gerrits, A. and Bystrykh, L.V. and {de Haan}, G. and Su, A.I. and Jansen, R.C.",

@article
{Brown2005a,
	author = "Brown, C.T. and Xie, Y. and Davidson, E. and Cameron, R.A.",
	title = "{Paircomp, FamilyRelationsII and Cartwheel}: tools for interspecific sequence comparison",
	journal = "{BMC} Bioinformatics",
	volume = "6",
	year = "2005",
	number = "1",
	pages = "70",
	doi = "10.1186/1471-2105-6-70",
}
%	url = "http://www.biomedcentral.com/1471-2105/6/70",

@article
{Buck2004a,
	author = "M.J. Buck and J.D. Lieb",
	title = "{ChIP-chip}: considerations for the design, analysis, and application of genome-wide chromatin immunoprecipitation experiments",
	journal = "Genomics",
	volume = "83",
	number = "3",
	year = "2004",
	pages = "349-360",
}

@article
{Canales2006a,
	author = "Canales, R.D. and Luo, Y. and Willey, J.C. and Austermiller, B. and Barbacioru, C.C. and others",
	title = "Evaluation of {DNA} microarray results with quantitative gene expression platforms",
	journal = "Nature Biotechnology",
	year = "2006",
	volume = "24",
	number = "9",
	pages = "1115-1122",
}%author = "Canales, R.D. and Luo, Y. and Willey, J.C. and Austermiller, B. and Barbacioru, C.C. and Boysen, C. and Hunkapiller, K. and Jensen, R.V. and Knight, C.R. and Lee, K.Y. and Ma, Y. and Maqsodi, B. and Papallo, A. and Peters, E.H. and Poulter, K. and Ruppel, P.L. and Samaha, R.R. and Shi, L. and Yang, W. and Zhang, L. and Goodsaid, F.M.",

@article
{Cartharius2005a,
	suthor = "K. Cartharius and K. Frech and K. Grote and B. Klocke and M. Haltmeier and A. Klingenhoff and M. Frisch and M. Bayerlein and T. Werner",
	title = "{MatInspector} and beyond: promoter analysis based on transcription factor binding sites",
	journal = "Bioinformatics",
	volume = "21",
	number = "13",
	pages = " 2933-2942",
	year = "2005",
	doi = "10.1093/bioinformatics/bti473",
}

@book
{Casella2002a,
	author = "G. Casella and R.L. Berger",
	title = "Statistical Inference",
	publisher = "Duxbury",
	address = "Pacific Grove, California",
	year = "2002",
	edition = "second",
}

@misc
{Cavanaugh2009a,
	author = "J.E. Cavanaugh",
	title = "The {B}ayesian information criterion",
	year = "2009",
	url = "http://myweb.uiowa.edu/cavaaugh/ms_lec_6_ho.pdf",
} % presentation on derivation of BIC

@article
{Cawley2004a,
	title = "Unbiased Mapping of Transcription Factor Binding Sites along Human Chromosomes 21 and 22 Points to Widespread Regulation of Noncoding {RNA}s",
	journal = "Cell",
	volume = "116",
	number = "4",
	pages = "499 - 509",
	year = "2004",
	doi = "10.1016/S0092-8674(04)00127-8",
	author = "S. Cawley and S. Bekiranov and H.H. Ng and P. Kapranov and E.A. Sekinger and others",
}%author = "S. Cawley and S. Bekiranov and H.H. Ng and P. Kapranov and E.A. Sekinger and D. Kampa and A. Piccolboni and V. Sementchenko and J. Cheng and A.J. Williams and R. Wheeler and B. Wong and J. Drenkow and M. Yamanaka and S. Patel and S. Brubaker and H. Tammana and G. Helt and K. Struhl and T.R. Gingeras",


@article
{Celniker2003a,
	title = "The \textit{Drosophila melanogaster} genome",
	author = "S.E. Celniker and G.M. Rubin",
	journal = "Annual Review of Genomics and Human Genetics",
	volume = "4",
	pages = "89-117",
	year = "2003",
}

@article
{Celniker2009a,
	title = "Unlocking the secrets of the genome",
	author = "Celniker, S.E. and Dillon, L.A. and Gerstein, M.B. and Gunsalus, K.C. and Henikoff, S. and others",
	journal = "Nature",
	volume = "459",
	number = "7249",
	pages = "927-930",
	month = "June 18",
	year = "2009",
	doi = "doi:10.1038/459927a",
} % modENCODE reference
% author = "Celniker, S.E. and Dillon, L.A. and Gerstein, M.B. and Gunsalus, K.C. and Henikoff, S. and Karpen, G.H. and Kellis, M. and Lai, E.C. and Lieb, J.D. and MacAlpine, D.M. and Micklem, G. and Piano, F. and Snyder, M. and Stein, L. and White, K.P. and Waterston, R.H.",

@misc
{CGPsite,
	author = "{Wellcome Trust Sanger Institute}",
	title = "{C}ancer {G}enome {P}roject",
	year = "2010", 
	url = "Retrieved June 10, 2010, from http://www.sanger.ac.uk/genetics/CGP/",
}

@article
{Chapman2001a,
	author = "Chapman, W.W. and Bridewell, W. and Hanbury, P. and Cooper, G.F. and Buchanan, B.G.",
	title = "A simple algorithm for identifying negated findings and diseases in discharge summaries",
	journal = "Journal of Biomedical Informatics",
	year = "2001",
	volume = "34",
	pages = "301-310",
}

@article
{Chen2005a,
	author = "Chen, Y. and Xu, D.",
	title = "Understanding protein dispensability through machine-learning analysis of high-throughput data",
	journal = "Bioinformatics",
	volume = "21",
	number = "5",
	pages = "575-581",
	doi = "10.1093/bioinformatics/bti058",
	year = "2005",
}
%	url = "http://bioinformatics.oxfordjournals.org/cgi/content/abstract/21/5/575",

@article
{Chen2007a,
	title = "The evolution of gene regulation by transcription factors and {microRNAs}",
	author = "K. Chen and N. Rajewsky",
	journal = "Nature Reviews Genetics",
	volume = "8",
	number = "2",
	pages = "93-103",
	year = "2007",
}

@article
{Chen2007b,
    author = "Chen, Y. and Blackwell, T.W. and Chen, J. and Gao, J. and Lee, A.W. and States, D.J.",
    journal = "{PLoS} Computational Biology",
    title = "Integration of Genome and Chromatin Structure with Gene Expression Profiles To Predict {c-\textit{MYC}} Recognition Site Binding and Function",
    year = "2007",
    month = "April",
    volume = "3",
    pages = "e63",
    number = "4",
    doi = "10.1371/journal.pcbi.0030063",
}
%    url = "http://dx.plos.org/10.1371\%2Fjournal.pcbi.0030063",

@inproceedings
{Chen2007c,
	author = "D.P. Chen and S.C. Weber and P.S. Constantinou and T.A. Ferris and H.J. Lowe and A.J. Butte",
	title = "Clinical Arrays of Laboratory Measures, or ``Clinarrays'', Built from an Electronic Health Record Enable Disease Subtyping by Severity",
	booktitle = "AMIA Annual Symposium Proceedings",
	pages = "115-119",
	year = "2007",
	url = "http://www.ncbi.nlm.nih.gov/pmc/articles/PMC2655832/"
}

@article
{Chen2012,
  title = "OGEE: an online gene essentiality database",
  author = "Chen WH and Minguez P and Lercher MJ and Bork P.",
  journal = "Nucleic Acids Research",
  volume = "40",
  pages = "D901-D906",
  year = "2012",
  doi = "10.1093/nar/gkr986" ,
}

@article
{Cherry2012a,
  title="{Saccharomyces Genome Database}: the genomics resource of budding yeast",
  author="Cherry, J.M. and Hong, E.L. and Amundsen, C. and Balakrishnan, R. and Binkley, G. and others",
  journal="Nucleic Acids Research",
  volume="40",
  number="D1",
  pages="D700-D705",
  year="2012",
  pmcid="PMC3245034",
} % see also "SGDsite"

@article
{Cooke2009a,
	title = "Computational approaches to the integration of gene expression, {ChIP-chip} and sequence data in the inference of gene regulatory networks",
	journal = "Seminars in Cell \& Developmental Biology",
	volume = "20",
	number = "7",
	pages = "863-868",
	year = "2009",
	doi = "10.1016/j.semcdb.2009.08.004",
	author = "E.J. Cooke and R.S. Savage and D.L. Wild",
}

@article
{Copley2007a,
	author = "Copley, R.R. and Totrov, M. and Linnell, J. and Field, S. and Ragoussis, J. and Udalova, I.A.",
	title="Functional conservation of {Rel} binding sites in drosophilid genomes",
	journal = "Genome Research",
	volume = "17",
	number = "9",
	pages = "1327-1335",
	doi = "10.1101/gr.6490707",
	year = "2007",
}
%	URL = "http://genome.cshlp.org/content/17/9/1327.abstract",

@article
{Corradini2007a,
	author = "N. Corradini and F. Rossi and E. Giordano and R. Caizzi and F. Vern\'{i} and P. Dimitri",
	title = "Drosophila melanogaster as a model for studying protein-encoding genes that are resident in constitutive heterochromatin",
	journal = "Heredity",
	volume = "98",
	year = "2007",
	number = "1",
	pages = "3-12",
}

@inproceedings
{Danford2010a,
	author = "T. Danford and R. Dowell and S. Agarwala and P. Grisafi and G. Fink and D. Gifford",
	title = "Discovering Regulatory Overlapping {RNA} Transcripts",
	booktitle = "Proceedings of the Fourteenth International Conference on Research in Computational Molecular Biology",
	year = "2010",
	url = "http://kdbio.inesc-id.pt/recomb2010/",
}

@article
{De2013a,
	title = "Aberration in {DNA} methylation in {B}-cell lymphomas has a complex origin and increases with disease severity",
	author = "De, S. and Shaknovich, R. and Riester, M. and Elemento, O. and Geng, H. and others",
	journal = "PLoS Genetics",
	volume = "9",
	number = "1",
	pages = "e1003137",
	year = "2013",
	doi = "10.1371/journal.pgen.1003137",
}%author = "De, S. and Shaknovich, R. and Riester, M. and Elemento, O. and Geng, H. and Kormaksson, M. and Jiang, Y. and Woolcock, B. and Johnson, N. and Polo, J.M. and others",

@article
{DeBie2005a,
	author = "T. {De Bie} and P. Monsieurs and K. Engelen and B. {De Moor} and N. Cristianini and K. Marchal",
	title = "Discovering Transcriptional Modules from Motif, ChIP-chip and Microarray Data",
	journal = "Pacific Symposium on Biocomputing",
	volume = "10",
	pages = "483-494",
	year = "2005",
}

@article
{Dempster1977a,
	title = "Maximum likelihood from incomplete data via the {EM} algorithm",
	author = "A.P. Dempster and N.M. Laird and D.B. Rubin",
	journal = "Journal of the Royal Statistical Society Series B",
	volume = "39",
	number = "1",
	pages = "1-38",
	year = "1977",
}

@techreport
{Dey2013a,
    author = "S. Dey and R. Gupta and M. Steinbach and V. Kumar",
    title  = "Integration of clinical and genomic data: a methodological survey",
    institution = "University of Minnesota, Department of Computer Science and Engineering",
    number = "TR 13-005",
    year = "2013",
    url = "https://wwws.cs.umn.edu/tech_reports_upload/tr2013/13-005.pdf",
}

@article
{Dinger2009a,
	author = "Dinger, M.E. and Amaral, P.P. and Mercer, T.R. and Mattick, J.S.",
	title = "Pervasive transcription of the eukaryotic genome: functional indices and conceptual implications",
	journal = "Briefings in Functional Genomics and Proteomics",
	volume = "8",
	number = "6",
	pages = "407-423",
	doi = "10.1093/bfgp/elp038",
	year = "2009",
} % good reference on ncRNA; see the entire issue since ncRNA is the topic
%	url = "http://bfg.oxfordjournals.org/cgi/content/abstract/8/6/407",

@article
{Doniger2007a,
    author = "Doniger, S.W. and Fay, J.C.",
    journal = "{PLoS} Computational Biology",
    title = "Frequent Gain and Loss of Functional Transcription Factor Binding Sites",
    year = "2007",
    month = "05",
    volume = "3",
    pages = "e99",
    number = "5",
    doi = "10.1371/journal.pcbi.0030099",
} 
%    url = "http://dx.plos.org/10.1371\%2Fjournal.pcbi.0030099",

@article
{Dowell2010a,
  title = "Genotype to phenotype: a complex problem",
  author = "Dowell, R.D. and Ryan, O. and Jansen, A. and Cheung, D. and Agarwala, S. and others",
  journal = "Science",
  volume = "328",
  number = "5977",
  pages = "469-469",
  year = "2010",
}% author = "Dowell, R.D. and Ryan, O. and Jansen, A. and Cheung, D. and Agarwala, S. and Danford, T. and Bernstein, D.A. and Rolfe, P.A. and Heisler, L.E. and Chin, B. and others",

@article
{Durinck2009a,
	author = "Durinck, S. and Spellman, P.T. and Birney, E. and Huber, W.",
	title = "Mapping identifiers for the integration of genomic datasets with the {R/Bioconductor} package {biomaRt}",
	journal = "Nature Protocols",
	volume = "4",
	number = "8",
	pages = "1184-1191",
	year = "2009",
	doi = "10.1038/nprot.2009.97",
}

@article
{Dvorkin2005a,
	author = "D. Dvorkin and V. Fadok and K. Cios",
	title = "{SiMCAL} 1 algorithm for analysis of gene expression data related to the phosphatidylserine receptor",
	journal = "Artificial Intelligence in Medicine",
	volume = "35",
	year = "2005",
	pages = "49-60",
}

@article
{Dvorkin2013a,
	author = "D. Dvorkin and B. Biehs and K. Kechris",
	title = "A graphical model method for integrating multiple sources of genome-scale data",
	year = "2013",
	journal = "Statistical Applications in Genetics and Molecular Biology",
	volume = "12",
	number = "4",
	pages = "469-487",
}

@phdthesis
{Dvorkin2013b,
	author = "D. Dvorkin",
	title = "Graphical Model Methods for Integrating Diverse Sources of Genome-Scale Data",
	school = "University of Colorado",
	year = "2013",
}

@misc
{dvpythonsite,
	title = "Dvorkin's {P}ython {U}tilities",
	note = "http://sourceforge.net/projects/dvpython/",
}

@manual
{e1071,
    title = {e1071: Misc Functions of the Department of Statistics (e1071), TU Wien},
    author = {Evgenia Dimitriadou and Kurt Hornik and Friedrich Leisch and David Meyer and and Andreas Weingessel},
    year = {2010},
    note = {R package version 1.5-24},
    url = {http://CRAN.R-project.org/package=e1071},
}

@article
{Efron1990a,
	author = "B. Efron and I.M. Johnstone",
	title = "Fisher's information in terms of the hazard rate",
	journal = "The Annals of Statistics",
	volume = "18",
	number = "1",
	month = "March",
	year = "1990",
	pages = "38-62",
}

@article
{Efron2007a,
	author = "B. Efron",
	title = "Size, power, and false discovery rates",
	journal = "The Annals of Statistics",
	volume = "35",
	number = "4",
	pages = "1351-1377",
	year = "2007",
	doi = "10.1214/009053606000001460",
} % local false discovery rate (FDR)

@inproceedings
{Elkan2008a,
  title="Learning classifiers from only positive and unlabeled data",
  author="Elkan, C. and Noto, K.",
  booktitle="Proceedings of the 14th international conference on knowledge discovery and data mining",
  pages="213-220",
  year="2008",
}

@article
{Elkon2003a,
	author = "Elkon, R. and Linhart, C. and Sharan, R. and Shamir, R. and Shiloh, Y.",
	title="Genome-Wide In Silico Identification of Transcriptional Regulators Controlling the Cell Cycle in Human Cells",
	journal = "Genome Research",
	volume = "13",
	number = "5",
	pages = "773-780",
	doi = "10.1101/gr.947203",
	year = "2003",
}
%	url = "http://genome.cshlp.org/content/13/5/773.abstract",

@misc
{ENCODEsite,
	author = "{The ENCODE Project Consortium}",
	title = "{The ENCODE Project:  ENCyclopedia Of DNA Elements}",
	year = "2010", 
	url = "Retrieved March 2, 2010, from http://www.genome.gov/10005107",
}

@article
{ENCODE2004a,
	author = "{The ENCODE Project Consortium}",
	title = "The {ENCODE (ENCyclopedia Of DNA Elements)} Project",
	journal = "Science",
	volume = "306",
	number = "5696",
	pages = "636-640",
	year = "2004",
	doi = "10.1126/science.1105136",
}

@article
{ENCODE2007a,
	author = "{The ENCODE Project Consortium}",
	title = "Identification and analysis of functional elements in 1\% of the human genome by the {ENCODE} pilot project",
	journal = "Nature",
	volume = "447",
	number = "7146",
	pages = "799-816",
	year = "2007",
	doi = "10.1038/447782a",
}

@article
{ENCODE2012a,
	author = "{The ENCODE Project Consortium}",
	title = "An integrated encyclopedia of {DNA} elements in the human genome",
	journal = "Nature",
	year = "2012",
	volume = "489",
	number = "7414",
	pages = "57-74",
	doi = "10.1038/nature11247",
	url = "http://www.nature.com/nature/journal/v489/n7414/abs/nature11247.html",
}

@article
{Ensembl2018,
    title = "Ensembl",
    author = "DR Zerbino and others",
    journal = "Nucleic Acids Research",
    volume = "46",
    number = "D1",
    year = "2018",
    pages = "D754–D761",
    doi = "https://doi.org/10.1093/nar/gkx1098",
}

@book
{Evans2000a,
	author = "M. Evans and N. Hastings and B. Peacock",
	title = "Statistical Distributions",
	publisher = "Wiley",
	address = "New York",
	year = "2000",
	edition = "third",
}

@article
{Farnham2009a,
	author = "Farnham, P.J.",
	title = "Insights from genomic profiling of transcription factors",
	journal = "Nature Reviews Genetics",
	year = "2009",
	volume = "10",
	issue = "9",
	pages = "605-616",
	doi = "10.1038/nrg2636",
}

@article
{Filion2010a,
	title ="Systematic Protein Location Mapping Reveals Five Principal Chromatin Types in Drosophila Cells",
	journal ="Cell",
	volume ="143",
	number ="2",
	pages ="212-224",
	year ="2010",
	doi ="http://dx.doi.org/10.1016/j.cell.2010.09.009",
	author = "G.J. Filion and J.G. {van Bemmel} and U. Braunschweig and W. Talhout and J. Kind and others"
} % author = "G.J. Filion and J.G. {van Bemmel} and U. Braunschweig and W. Talhout and J. Kind and L.D. Ward and W. Brugman and I.J. {de Castro} and R.M. Kerkhoven and H.J. Bussemaker and B. {van Steensel}"

@book
{Fisher1973a,
	author = "R.A. Fisher",
	title = "Statistical Methods for Research Workers",
	publisher = "Hafner",
	address = "New York",
	year = "1973",
	edition = "fourteenth revised",
}

@misc
{FlyBasesite,
	author = "{The FlyBase Consortium}",
	title = "{FlyBase:  A Database of \textit{Drosophila} Genes \& Genomes}",
	year = "2013", 
	note = "Retrieved February 1, 2013, from http://flybase.org/",
} % see also FlyBasepaper

@article
{FlyBasepaper,
	author = "P. McQuilton and S.E. {St.\ Pierre} and J. Thurmond and {The FlyBase Consortium}",
	title = "{FlyBase} 101---the basics of navigating {FlyBase}",
	journal = "Nucleic Acids Research",
	year = "2012",
	volume = "40",
	number = "D1",
	pages = "D706-D714",
	doi = "10.1093/nar/gkr1030",
}

@article
{Fraley2002a,
	author = "C. Fraley and A.E. Raftery",
	title = "Model-based Clustering, Discriminant Analysis and Density Estimation",
	journal = "Journal of the American Statistical Association",
	number = "97",
	pages = "611-631",
	year = "2002",
}

@techreport
{Fraley2006a,
    author = "C. Fraley and A.E. Raftery",
    title  = "{MCLUST} Version 3 for {R}:  Normal Mixture Modeling and Model-based Clustering",
    institution = "University of Washington, Department of Statistics",
    number = "504",
    year = "2006, revised 2009",
}

@article
{Frantz2005a,
	author = "S. Frantz",
	title = "An array of problems",
	journal = "Nature Reviews Drug Discovery",
	volume = "4",
	number = "5",
	pages = "362-363",
	year = "2005",
}

@article
{Frith2003a,
	author = "Frith, M.C. and Li, M.C. and Weng, Z.",
	title = "{Cluster-Buster}: finding dense clusters of motifs in {DNA} sequences",
	journal = "Nucleic Acids Research",
	volume = "31",
	number = "13",
	pages = "3666-3668",
	doi = "10.1093/nar/gkg540",
	year = "2003"
} % see http://zlab.bu.edu/cluster-buster/

@manual
{Friedman,
    title = {Regularization Paths for Generalized Linear Models via Coordinate Descent},
    author = {Jerome Friedman, Trevor Hastie, Robert Tibshirani},
    journal = {Journal of Statistical Software},
    year = {2010},
    volume = {33},
    number = {1},
    pages = {1-22},
    url = {http://www.jstatsoft.org/v33/i01/},
  }

@article
{Fryxell2005a,
	author = "K.J. Fryxell and W.J. Moon",
	title = "{CpG} Mutation Rates in the Human Genome Are Highly Dependent on Local {GC} Content",
	journal = "Molecular Biology and Evolution",
	volume = "22",
	number = "3",
	pages = "650-658",
	year = "2005",
	doi = "10.1093/molbev/msi043",
}

@article
{Fuglsang2004a,
	title = "The `effective number of codons' revisited",
	author = "A. Fuglsang",
	journal = "Biochemical and Biophysical Research Communications",
	volume = "317",
	number = "3",
	pages = "957-964",
	year = "2004",
	doi = "http://dx.doi.org/10.1016/j.bbrc.2004.03.138",
}

@article
{Fujita2010a,
	title = "The {UCSC} {G}enome {B}rowser database: update 2011", 
	year = "2011", 
	doi = "10.1093/nar/gkq963",
	journal = "Nucleic Acids Research",
	volume = "39",
	number = "suppl 1",
	pages = "D876-D882",
	author = "P.A. Fujita and B. Rhead and A.S. Zweig and A.S. Hinrichs and D. Karolchik and others",
}
%	url = "http://nar.oxfordjournals.org/content/early/2010/10/18/nar.gkq963.full.pdf+html",
%author = "P.A. Fujita and B. Rhead and A.S. Zweig and A.S. Hinrichs and D. Karolchik and M.S. Cline and M. Goldman and G.P. Barber and H. Clawson and A. Coelho and M. Diekhans and T.R. Dreszer and B.M. Giardine and R.A. Harte and J. Hillman-Jackson and F. Hsu and V. Kirkup and R.M. Kuhn and K. Learned and C.H. Li and L.R. Meyer and A. Pohl and B.J. Raney and others",

@article{Gaiteri2014a,
	title = {Beyond modules and hubs: The potential of gene coexpression networks for investigating molecular mechanisms of complex brain disorders},
	author = {Gaiteri, Chris and Ding, Ying and French, Beverly and Tseng, George C. and Sibille, Etienne},
	journal = {Genes, Brain and Behavior},
	volume = {13},
	number = {1},
	pages = {13-24},
	year = {2014},
	doi = {10.1111/gbb.12106},
}

@article{
Gautier2004a,
	author = "L. Gautier and L. Cope and B.M. Bolstad and R.A. Irizarry",
	title = "\texttt{affy}---analysis of {Affymetrix GeneChip} data at the probe level",
	journal = "Bioinformatics",
	volume = "20",
	number = "3",
	year = "2004",
	pages = "307-315",
	doi = "10.1093/bioinformatics/btg405",
}

@article
{Gelfond2009a,
	author = "J.A.L. Gelfond and M. Gupta and J.G. Ibrahim",
	title = "A {Bayesian Hidden Markov Model} for Motif Discovery Through Joint Modeling of Genomic Sequence and {ChIP-Chip} Data",
	journal = "Biometrics",
	volume = "65",
	number = "4",
	pages = "1087-1095",
	year = "2009",
	doi = "10.1111/j.1541-0420.2008.01180.x",
}

@misc
{GEOsite,
	author = "{National Center for Biotechnology Information}",
	title = "{Gene Expression Omnibus (GEO)}",
	year = "2013", 
	note = "Retrieved February 3, 2013, from http://www.ncbi.nlm.nih.gov/geo/",
} % see also Barrett2009a

@article
{Georlette2007a,
	author = "Georlette, D. and Ahn, S. and MacAlpine, D.M. and Cheung, E. and Lewis, P.W. and others",
	title="Genomic profiling and expression studies reveal both positive and negative activities for the \textit{Drosophila} {Myb-MuvB/dREAM} complex in proliferating cells",
	journal = "Genes \& Development",
	volume = "21",
	number = "22",
	pages = "2880-2896",
	doi = "10.1101/gad.1600107",
	year = "2007",
}
%	url = "http://genesdev.cshlp.org/content/21/22/2880.abstract",
%author = "Georlette, D. and Ahn, S. and MacAlpine, D.M. and Cheung, E. and Lewis, P.W. and Beall, E.L. and Bell, S.P. and Speed, T. and Manak, J.R. and Botchan, M.R.",

@article
{Gerstein2007a,
	author = "Gerstein, M.B. and Bruce, C. and Rozowsky, J.S. and Zheng, D. and Du, J. and others",
	title= "What is a gene, post-{ENCODE}?  {H}istory and updated definition",
	journal = "Genome Research",
	volume = "17",
	number = "6",
	pages = "669-681",
	doi = "10.1101/gr.6339607",
	year = "2007",
}
%	url = "http://genome.cshlp.org/content/17/6/669.abstract",
% author = "Gerstein, M.B. and Bruce, C. and Rozowsky, J.S. and Zheng, D. and Du, J. and Korbel, J.O. and Emanuelsson, O. and Zhang, Z.D. and Weissman, S. and Snyder, M.",

@misc{
GersteinLab,
    author= "Gerstein M.B",
    url="http://www.gersteinlab.org/proj/predess/",
}

@article
{Giaever2002a,
	author = "Giaever, G. and Chu, A.M. and Ni, L. and Connelly, C. and Riles, L. and others",
	title = "Functional profiling of the \textit{Saccharomyces cerevisiae} genome",
	journal = "Nature",
	year = "2002",
	volume = "418",
	number = "6896",
	pages = "387-391",
	doi = "10.1038/nature00935",
}
	%author = "Giaever, G. and Chu, A.M. and Ni, L. and Connelly, C. and Riles, L. and Veronneau, S. and Dow, S. and {Lucau-Danila}, A. and Anderson, K. and Andre, B. and Arkin, A.P. and Astromoff, A. and {El Bakkoury}, M. and Bangham, R. and Benito, R. and Brachat, S. and Campanaro, S. and Curtiss, M. and Davis, K. and Deutschbauer, A. and Entian, K.D. and Flaherty, P. and Foury, F. and Garfinkel, D.J. and Gerstein, M. and Gotte, D. and Guldener, U. and Hegemann, J.H. and Hempel, S. and Herman, Z. and Jaramillo, D.F. and Kelly, D.E. and Kelly, S.L. and Kotter, P. and LaBonte, D. and Lamb, D.C. and Lan, N. and Liang, H. and Liao, H. and Liu, L. and Luo, C. and Lussier, M. and Mao, R. and Menard, P. and Ooi, S.L. and Revuelta, J.L. and Roberts, C.J. and Rose, M. and {Ross-Macdonald}, P. and Scherens, B. and Schimmack, G. and Shafer, B. and Shoemaker, D.D. and {Sookhai-Mahadeo}, S. and Storms, R.K. and Strathern, J.N. and Valle, G. and Voet, M. and Volckaert, G. and Wang, C.Y. and Ward, T.R. and Wilhelmy, J. and Winzeler, E.A. and Yang, Y. and Yen, G. and Youngman, E. and Yu, K. and Bussey, H. and Boeke, J.D. and Snyder, M. and Philippsen, P. and Davis, R.W. and Johnston, M.",

@article
{Gilpin1993a,
	author = "Gilpin, A.R.", 
	title = "Table for Conversion of {K}endall's Tau to {S}pearman's Rho Within the Context of Measures of Magnitude of Effect for Meta-Analysis", 
	volume = "53", 
	number = "1", 
	pages = "87-92", 
	year = "1993", 
	doi = "10.1177/0013164493053001007",
	journal = "Educational and Psychological Measurement", 
}
%	url = "http://epm.sagepub.com/content/53/1/87.abstract",

@phdthesis
{Goldberg2010a,
  title = "New Directions in Semi-Supervised Learning",
  author = "Goldberg, A.B.",
  year = "2010",
  school = "University of Wisconsin",
  url = "http://pages.cs.wisc.edu/~jerryzhu/pub/andrew-thesis.pdf"
}

@article
{GOpaper,
	author = "{The Gene Ontology Consortium}",
	title = "{Gene Ontology}: tool for the unification of biology",
	journal = "Nature Genetics",
	volume = "25",
	number = "1",
	month = "May",
	year = "2000",
	pages = "25-29"
} % see also GOsite

@misc
{GOsite,
	author = "{The Gene Ontology Consortium}",
	title = "{The Gene Ontology}",
	year = "2013", 
	note = "Retrieved March 29, 2013, from http://www.geneontology.org/",
} % see also GOpaper

@article
{Greally2007a,
	author = "J.M. Greally",
	title = "Encyclopaedia of humble {DNA}",
	journal = "Nature",
	volume = "447",
	number = "7146",
	pages = "782-783",
	year = "2007",
	doi = "10.1038/447782a",
}

@article
{Greil2003a,
	author = "Greil, F. and {van der Kraan}, I. and Delrow, J. and Smothers, J.F. and {de Wit}, E. and others",
	title="Distinct {HP1} and {Su(var)3-9} complexes bind to sets of developmentally coexpressed genes depending on chromosomal location",
	journal = "Genes \& Development",
	volume = "17",
	number = "22",
	pages = "2825-2838",
	doi = "10.1101/gad.281503",
	year = "2003"
}% author = "Greil, F. and {van der Kraan}, I. and Delrow, J. and Smothers, J.F. and {de Wit}, E. and Bussemaker, H.J. and {van Driel}, R. and Henikoff, S. and {van Steensel}, B.",

@article
{Greil2006a,
	author = "F. Greil and C. Moorman and B. {van Steensel}",
	title = "{DamID}: Mapping of In Vivo Protein-Genome Interactions Using Tethered {DNA} Adenine Methyltransferase",
	journal = "Methods in Enzymology",
	volume = "469",
	number = "1",
	year = "2006",
	pages = "342-359",
}

@article
{Green2007a,
	author = "Green, P.",
	title="2$\times$ genomes --- Does depth matter?",
	journal = "Genome Research",
	volume = "17",
	number = "11",
	pages = "1547-1549",
	doi = "10.1101/gr.7050807",
	year = "2007",
}
%	url = "http://genome.cshlp.org/content/17/11/1547.full",

@article
{Gupta2006a,
	author = "R.D. Gupta and D. Kundu",
	title = "On the comparison of {F}isher information of the {W}eibull and {GE} distribution",
	journal = "Journal of Statistical Planning and Inference",
	year = "2006",
	volume = "136",
	number = "9",
	pages = "3130-3144",
	doi = "10.1016/j.jspi.2004.11.013",
}

@article
{Gustafson2006a,
	author = "Gustafson, A. and Snitkin, E. and Parker, S. and {DeLisi}, C. and Kasif, S.",
	title = "Towards the identification of essential genes using targeted genome sequencing and comparative analysis",
	journal = "{BMC} Genomics",
	volume = "7",
	year = "2006",
	number = "1",
	pages = "265",
	doi = "10.1186/1471-2164-7-265",
}
%	url = "http://www.biomedcentral.com/1471-2164/7/265",

@article
{Haddrill2005a,
	author = "Haddrill, P. and Charlesworth, B. and Halligan, D. and Andolfatto, P.",
	title = "Patterns of intron sequence evolution in \textit{Drosophila} are dependent upon length and {GC} content",
	journal = "Genome Biology",
	volume = "6",
	year = "2005",
	number = "8",
	pages = "R67",
	doi = "10.1186/gb-2005-6-8-r67",
}
%	url = "http://genomebiology.com/2005/6/8/R67",

@inproceedings
{Haffari2007,
	author = "Haffari, G.R. and Sarkar, A.",
	title = "Analysis of semi-supervised learning with the {Y}arowsky algorithm",
	booktitle = "Proceedings of the Twenty-Third Conference Annual Conference on Uncertainty in Artificial Intelligence (UAI-07)",
	year = "2007",
	pages = "159-166",
	URL="http://uai.sis.pitt.edu/displayArticleDetails.jsp?mmnu=1&smnu=2&article_id=1686&proceeding_id=23"
}

@article
{Halfon2008a,
	author = "Halfon, M.S. and Gallo, S.M. and Bergman, C.M.",
	title = "{REDfly 2.0}: an integrated database of cis-regulatory modules and transcription factor binding sites in \textit{Drosophila}",
	journal = "Nucleic Acids Research",
	volume = "36",
	number = "Database issue",
	pages = "D594-D598",
	year = "2008",
	doi = "10.1093/nar/gkm876",
}

@article
{Hall2009a,
	author = "M. Hall and E. Frank and G. Holmes and B. Pfahringer and P. Reutemann and I.H. Witten",
	year = "2009",
	title = "The {WEKA} data mining software: an update",
	journal = "ACM SIGKDD Explorations Newsletter",
	volume = "11",
	number = "1",
	pages = "10-18",
}

@article
{Hallikas2006a,
	title = "Genome-wide Prediction of Mammalian Enhancers Based on Analysis of Transcription-Factor Binding Affinity",
	author = "O. Hallikas and K. Palin and N. Sinjushina and R. Rautiainen and J. Partanen and others",
	journal = "Cell",
	volume = "124",
	number = "1",
	pages = "47-59",
	year = "2006",
} % author = "O. Hallikas and K. Palin and N. Sinjushina and R. Rautiainen and J. Partanen and E. Ukkonen and J. Taipale",

@article
{Halperin2009a,
	author = "Halperin, Y. and Linhart, C. and Ulitsky, I. and Shamir, R.",
	title = "Allegro: Analyzing expression and sequence in concert to discover regulatory programs",
	journal = "Nucleic Acids Research",
	volume = "37",
	number = "5",
	pages = "1566-1579",
	doi = "10.1093/nar/gkn1064",
	year = "2009",
}
%	url = "http://nar.oxfordjournals.org/cgi/content/abstract/37/5/1566",

@article{
Hamid2009a,
	author = "Hamid, J.S. and Hu, P. and Roslin, N.M. and Ling, V. and Greenwood, C.M.T. and Beyene, J.", 
	title = "Data Integration in Genetics and Genomics: Methods and Challenges",
	volume = "1", 
	number = "1", 
	year = "2009", 
	doi = "10.4061/2009/869093",
	journal = "Human Genomics and Proteomics" 
} % url = "http://hgp.sagepub.com/content/1/1/869093.abstract"

@article
{Hartigan1979a,
	title = "Algorithm {AS 136}:  A {K}-means clustering algorithm",
	author = "Hartigan, J.A. and Wong, M.A.",
	journal = "Journal of the Royal Statistical Society, Series C (Applied Statistics)",
	volume = "28",
	number = "1",
	pages = "100-108",
	year = "1979",
}
%	url = "http://www.jstor.org/stable/2346830",

@techreport
{Hastie1999a,
	title = "Imputing Missing Data for Gene Expression Arrays",
	author = "T. Hastie and R. Tibshirani and G. Sherlock and M. Eisen and P. Brown and D. Botstein",
	year = "1999",
	institution = "Stanford University, Division of Biostatistics",
	doi = "10.1.1.79.9789",
	url = "http://www.stanford.edu/\~{}hastie/Papers/missing.pdf",
}
	 

@book
{Hastie2001a,
	title = "The Elements of Statistical Learning:  Data Mining, Inference, and Prediction",
	author = "T. Hastie and R. Tibshirani and J. Friedman",
	year = "2001",
	publisher = "Springer",
	address = "New York",
}

@article
{Hawkins2010a,
	author = "Hawkins, R.D. and Hon, G.C. and Ren, B.",
	title = "Next-generation genomics: an integrative approach",
	journal = "Nature Reviews Genetics",
	year = "2010",
	month = "June",
	volume = "11",
	number = "7",
	pages = "476-486",
	doi = "10.1038/nrg2795",
}
%	url = "http://dx.doi.org/10.1038/nrg2795",

@inproceedings
{He2010a,
	author = "J. He and Y. Zhang and X. Li and Y. Wang",
	title = "Naive {B}ayes classifier for positive unlabeled learning with uncertainty",
	year = "2010",
	pages = "361-372",
	booktitle = "Proceedings of the Tenth SIAM International Conference on Data Mining",
}

@article
{Heberlein1995a,
	author = "Heberlein, U. and Singh, C.M. and Luk, A.Y. and Donohoe, T.J.",
	title = "Growth and differentiation in the \textit{Drosophila} eye coordinated by \textit{hedgehog}",
	journal = "Nature",
	year = "1995",
	volume = "373",
	number = "6516",
	pages = "709-711",
	doi = "10.1038/373709a0",
}
%	url = "http://dx.doi.org/10.1038/373709a0",

@article
{Hernandez2008a,
	author = "Hernandez, D. and Fran\c{c}ois, P. and Farinelli, L. and {\O}ster\r{a}s, M. and Schrenzel, J.",
	title="De novo bacterial genome sequencing: Millions of very short reads assembled on a desktop computer",
	journal = "Genome Research",
	volume = "18",
	number = "5",
	pages = "802-809",
	doi = "10.1101/gr.072033.107",
	year = "2008",
}
%	url = "http://genome.cshlp.org/content/18/5/802.abstract",

@article
{Hobert2008a,
	author = "O. Hobert",
	title = "Gene Regulation by Transcription Factors and Micro{RNA}s",
	journal = "Science",
	volume = "319",
	number = "5871",
	pages = "1785-1786",
	year = "2008",
	doi = "10.1126/science.1151651",
}

@article
{Hollenhorst2009a,
    author = "Hollenhorst, P.C. and Chandler, K.J. and Poulsen, R.L. and Johnson, W.E. and Speck, N.A. and Graves, B.J.",
    journal = "{PLoS} Genetics",
    title = "{DNA} Specificity Determinants Associate with Distinct Transcription Factor Functions",
    year = "2009",
    month = "December",
    volume = "5",
    number = "12",
    doi = "10.1371/journal.pgen.1000778",
    pages = "e1000778",
}
%    url = "http://dx.doi.org/10.1371/journal.pgen.1000778",

@article
{Hoffman2012a,
	author = "M.H. Hoffman and O.J. Buske and J. Wang and Z. Weng and J.A. Bilmes and W.S. Noble",
	title = "Unsupervised pattern discovery in human chromatin structure through genomic segmentation",
	year = "2012",
	journal = "Nature Methods",
	volume = "9",
	pages = "473-476",
	doi = "10.1038/nmeth.1937",
} % Segway paper

@article
{Hon2008a,
    author = "Hon, G. and Ren, B. and Wang, W.",
    journal = "{PLoS} Computational Biology",
    title = "{ChromaSig}: A Probabilistic Approach to Finding Common Chromatin Signatures in the Human Genome",
    year = "2008",
    month = "October",
    volume = "4",
    pages = "e1000201",
    number = "10",
    doi = "10.1371/journal.pcbi.1000201"
}
%	url = "http://dx.doi.org/10.1371\%2Fjournal.pcbi.1000201",

@article
{Hornik2009a,
	author = "K. Hornik and C. Buchta and A. Zeileis",
	year = "2009",
	title = "Open-source machine learning: {R} meets {W}eka",
	journal = "Computational Statistics",
	volume = "24",
	number = "2",
	pages = "225-232",
	doi = "10.1007/s00180-008-0119-7",
}

@book
{Horvath2011a,
	author = {Steve Horvath},
	title = {Weighted Network Analysis:  Applications in Genomics and Systems Biology},
	publisher = {Springer},
	address = {New York},
	year = {2011},
}

@article
{Hoskins2002a,
	author = "Hoskins, R. and Smith, C. and Carlson, J. and Carvalho, A.B. and Halpern, A. and others",
	title = "Heterochromatic sequences in a {D}rosophila whole-genome shotgun assembly",
	journal = "Genome Biology",
	volume = "3",
	year = "2002",
	number = "12",
	pages = "research0085.1-0085.16",
	doi = "10.1186/gb-2002-3-12-research0085",
}
%	url = "http://genomebiology.com/2002/3/12/research/0085",
% author = "Hoskins, R. and Smith, C. and Carlson, J. and Carvalho, A.B. and Halpern, A. and Kaminker, J. and Kennedy, C. and Mungall, C. and Sullivan, B. and Sutton, G. and Yasuhara, J. and Wakimoto, B. and Myers, E. and Celniker, S. and Rubin, G. and Karpen, G.",

@article
{Huang2009a,
	author = "Huang, D.W. and Sherman, B.T. and Lempicki, R.A.",
	title = "Systematic and integrative analysis of large gene lists using {DAVID} Bioinformatics Resources",
	journal = "Nature Protocols",
	year = "2009",
	volume="4",
	number="1",
	pages="44-57",
} % DAVID citation #1

@article
{Huang2009b,
	author = "Huang, D.W. and Sherman, B.T. and Lempicki, R.A.",
	title = "Bioinformatics enrichment tools: paths toward the comprehensive functional analysis of large gene lists",
	journal = "Nucleic Acids Research",
	year = "2009",
	volume = "37",
	number = "1",
	pages = "1-13"
} % DAVID citation #2

@article
{Hughes2006a,
	author = "T.R. Hughes and S.L. Hiley and A.L. Saltzman and T. Babak and B.J. Blencowe",
	title = "Microarray Analysis of {RNA} Processing and Modification",
	journal = "Methods in Enzymology",
	volume = "469",
	number = "1",
	year = "2006",
	pages = "300-316",
}

@article
{Ingram2008a,
	author = "P.J. Ingram and M.P.H. Stumpf and J. Stark",
	title = "Nonidentifiability of the Source of Intrinsic Noise in Gene Expression from Single-Burst Data",
	journal = "{PLoS} Computational Biology",
	volume = "4",
	number = "10",
	pages = "e1000192",
	year = "2008",
	doi = "10.1371/journal.pcbi.1000192",
}

@article
{Irizarry2003a,
	author = "Irizarry, R.A. and Hobbs, B. and Collin, F. and {Beazer‐Barclay}, Y.D. and Antonellis, K.J. and Scherf, U. and Speed, T.P.", 
	title = "Exploration, normalization, and summaries of high density oligonucleotide array probe level data",
	volume = "4", 
	number = "2", 
	pages = "249-264", 
	year = "2003", 
	doi = "10.1093/biostatistics/4.2.249", 
	journal = "Biostatistics",
} % original RMA normalization algorithm paper
	%URL = "http://biostatistics.oxfordjournals.org/content/4/2/249.abstract", 
	%eprint = "http://biostatistics.oxfordjournals.org/content/4/2/249.full.pdf+html", 

@article
{Jansen2002,
  title = "Relating Whole-Genome Expression Data with Protein-Protein Interactions",
  author = "Jansen R and Greenbaum D and Gerstein M",
  journal = "Genome Research",
  volume = "12",
  number = "1",
  pages = "37-46",
  year = "2002",
}

@article
{Jeong2003a,
	author = "Jeong, H. and Oltvai, Z.N. and Barab\'{a}si, A.L.",
	title = "Prediction of protein essentiality based on genomic data",
	journal = "Complexus",
	volume = "1",
	number = "1",
	pages = "19-28",
	year = "2003",
	doi = "10.1159/000067640",
} % supplementary material at http://www.barabasilab.com/pubs/CCNR-ALB_Publications/200308-05_ComplexUs-PredictionProtein/200308-05_ComplexUs-PredictionProtein-Suppl.pdf
%	url = "http://www.karger.com/doi/10.1159/000067640",

@article
{Ji2005a,
	author = "Ji, Y. and Wu, C. and Liu, P. and Wang, J. and Coombes, K.R.",
	title = "Applications of beta-mixture models in bioinformatics",
	year = "2005",
	volume = "21",
	number = "9",
	pages = "2118-2122",
	doi = "10.1093/bioinformatics/bti318",
	journal = "Bioinformatics",
} % ICL-BIC application
%	url = "http://bioinformatics.oxfordjournals.org/content/21/9/2118.abstract",

@article
{Ji2008a,
	author = "H. Ji and H. Jiang and W. Ma and D.S. Johnson and R.M. Myers and W.H. Wong",
	year = "2008",
	title = "An integrated software system for analyzing {ChIP}-chip and {ChIP}-seq data",
	journal = "Nature Biotechnology",
	volume = "26",
	number = "11",
	pages = "1293-1300",
	doi = "10.1038/nbt.1505",
} % main CisGenome paper; see http://www.biostat.jhsph.edu/~hji/cisgenome/

@article
{Jin2008a,
	author = "Jin, R. and Dobry, C.J. and McCown, P.J. and Kumar, A.",
	title = "Large-Scale Analysis of Yeast Filamentous Growth by Systematic Gene Disruption and Overexpression",
	journal = "Molecular Biology of the Cell",
	volume = "19",
	number = "1",
	pages = "284-296",
	doi = "10.1091/mbc.E07-05-0519",
	year = "2008"
}

@techreport
{Joe1996a,
    author = "Joe, H. and Xu, J.J.",
    title  = "The estimation method of inference functions for margins for multivariate models",
    institution = "University of British Columbia, Department of Statistics",
    number = "166",
    year = "1996",
} % note = "http://www.stat.ubc.ca/\~{}harry/ifm.pdf",

@misc
{Jordan2010a,
	author = "M.I. Jordan and S. Samaranayake",
	title = "Multivariate {L}aplace approximation",
	year = "2010",
	url = "http://www.cs.berkeley.edu/\~{}jordan/courses/260-spring10/lectures/lecture16.pdf",
} % class notes on Laplace approximation with derivation of BIC as an example

@article{
Jornsten2008a,
	author = {J\"{o}rnsten, R. and Kele\c{s}, S.}, 
	title = "Mixture models with multiple levels, with application to the analysis of multifactor gene expression data",
	journal = "Biostatistics",
	volume = "9", 
	number = "3", 
	pages = "540-554", 
	year = "2008", 
	doi = "10.1093/biostatistics/kxm051",
}
% url = "http://www.stat.wisc.edu/~keles/Papers/jornstenkeles_MIXL.pdf"


@article{
Juhas2011a,
	Annote = {doi: 10.1016/j.tcb.2011.07.005},
	Author = {Juhas, Mario and Eberl, Leo and Glass, John I.},
	Booktitle = {Trends in Cell Biology},
	Date = {2011/10/01},
	Date-Added = {2018-06-16 15:38:50 +0000},
	Date-Modified = {2018-06-16 15:39:55 +0000},
	Doi = {10.1016/j.tcb.2011.07.005},
	Isbn = {0962-8924},
	Journal = {Trends in Cell Biology},
	M3 = {doi: 10.1016/j.tcb.2011.07.005},
	Month = {2018/06/16},
	Number = {10},
	Pages = {562--568},
	Publisher = {Elsevier},
	Read = {1},
	Title = {Essence of life: essential genes of minimal genomes},
	Ty = {JOUR},
	Url = {http://dx.doi.org/10.1016/j.tcb.2011.07.005},
	Volume = {21},
	Year = {2011},
	Year1 = {2011},
	Bdsk-Url-1 = {http://dx.doi.org/10.1016/j.tcb.2011.07.005}
}

@article
{Julian2009a,
	author = "Julian, C.G. and Wilson, M.J. and Moore, L.G.",
	title = "Evolutionary adaptation to high altitude: A view from in utero",
	journal = "American Journal of Human Biology",
	volume = "21",
	number = "5",
	doi = "10.1002/ajhb.20900",
	pages = "614-622",
	year = "2009",
}

@article
{Juhas2012,
	author = "Juhas, Mario et al.",
	title = "Essence of life: essential genes of minimal genomes",
	journal = "Trends in Cell Biology ",
	volume = "21",
	number = "10",
	doi = "10.1016/j.tcb.2011.07.005",
	pages = "562 - 568",
	year = "2012",
}

@article
{Kanehisa2000a,
	author = "Kanehisa, M. and Goto, S.",
	title = "{KEGG}:  {K}yoto {E}ncyclopedia of {G}enes and {G}enomes",
	journal = "Nucleic Acids Research",
	volume = "28",
	pages = "27-30",
	year = "2000",
} % KEGG reference #1

@article
{Kanehisa2012a,
	author = "Kanehisa, M. and Goto, S. and Sato, Y. and Furumichi, M. and Tanabe, M",
	title = "{KEGG} for integration and interpretation of large-scale molecular datasets",
	journal = "Nucleic Acids Research",
	volume = "40",
	pages = "D109-D114",
	year = "2012",
} % KEGG reference #2

@article
{Kasprzyk2011a,
	author = "Kasprzyk, A.", 
	title = "{BioMart}: driving a paradigm change in biological data management",
	year = "2011", 
	doi = "10.1093/database/bar049", 
	journal = "Database",
}
	%URL = "http://database.oxfordjournals.org/content/2011/bar049.short", 
	%eprint = "http://database.oxfordjournals.org/content/2011/bar049.full.pdf+html", 

@article
{King2007a,
	author = "King, D.C. and Taylor, J. and Zhang, Y. and Cheng, Y. and Lawson, H.A. and others",
	title="Finding \textit{cis}-regulatory elements using comparative genomics: Some lessons from {ENCODE} data",
	journal = "Genome Research",
	volume = "17",
	number = "6",
	pages = "775-786",
	doi = "10.1101/gr.5592107",
	year = "2007",
}
%	URL = "http://genome.cshlp.org/content/17/6/775.abstract",
% author = "King, D.C. and Taylor, J. and Zhang, Y. and Cheng, Y. and Lawson, H.A. and Martin, J. and Chiaromonte, F. and Miller, W. and Hardison, R.C.",

@article
{Klebanov2007a,
	author = "L. Klebanov and A. Yakovlev",
	title = "How high is the level of technical noise in microarray data?",
	journal = "Biology Direct",
	volume = "2",
	pages = "9",
	year = "2007",
}

@article
{Kuan2008a,
	author = "P.F Kuan and H. Chun and S. Kele\c{s}",
	title = "{CMARRT}:  A tool for the analysis of ChIP-chip data from tiling arrays by incorporating the correlation structure",
	journal = "Pacific Symposium on Biocomputing",
	volume = "13",
	pages = "515-526",
	year = "2008",
}

@book
{Kutner2005a,
	author = "M.H. Kutner and C.J. Nachsteim and J. Neter and W. Li",
	title = "Applied Linear Statistical Models",
	publisher = "McGraw-Hill/Irwin",
	address = "Boston, Massachusetts",
	year = "2005",
	edition = "fifth",
}

@article
{Kvam2012a,
	author = "Kvam, V.M. and Liu, P. and Si, Y.", 
	title = "A comparison of statistical methods for detecting differentially expressed genes from {RNA}-seq data", 
	volume = "99", 
	number = "2", 
	pages = "248-256", 
	year = "2012", 
	doi = "10.3732/ajb.1100340",
	journal = "American Journal of Botany", 
}
%	url = "http://www.amjbot.org/content/99/2/248.full.pdf+html", 

@article
{Kyte1982a,
  title = "A simple method for displaying the hydropathic character of a protein",
  author = "Kyte, J. and Doolittle, R.F.",
  journal = "Journal of Molecular Biology",
  volume = "157",
  number = "1",
  pages = "105-132",
  year = "1982",
}

@article
{Langfelder2008a,
	author = "Langfelder, P. and Horvath, S.",
	title = "{WGCNA}: an {R} package for weighted correlation network analysis",
	journal = "{BMC} Bioinformatics",
	volume = "9",
	year = "2008",
	number = "1",
	pages = "559",
}
%doi = "10.1186/1471-2105-9-559",
% pubmedid = "19114008",
% url = "http://www.biomedcentral.com/1471-2105/9/559",

@article{Langfelder2011a,
	title = {Is my network module preserved and reproducible?},
	author = {Langfelder, Peter and Luo, Rui and Oldham, Michael C and Horvath, Steve},
	journal = {PLoS Computational Biology},
	volume = {7},
	number = {1},
	pages = {e1001057},
	year = {2011},
	PMCID = {PMC3024255}
}
%doi = {10.1371/journal.pcbi.1001057},

@article{Langfelder2013a,
	title = {When is hub gene selection better than standard meta-analysis?},
	author = {Langfelder, Peter and Mischel, Paul S and Horvath, Steve},
	journal = {PloS ONE},
	volume = {8},
	number = {4},
	pages = {e61505},
	year = {2013},
	publisher = {Public Library of Science},
	PMCID = {PMC3629234}
}
%doi = {10.1371/journal.pone.0061505},

@book
{Lawless1982a,
	author = "J.F. Lawless",
	title = "Statistical Models and Methods for Lifetime Data",
	publisher = "John Wiley \& Sons",
	address = "New York",
	year = "1982"
}

@article
{Leach2009a,
	author = "Leach, S.M. and Tipney, H. and Feng, W. and Baumgartner, Jr., W.A. and Kasliwal, P. and others",
	journal = "PLoS Computational Biology",
	title = "Biomedical Discovery Acceleration, with Applications to Craniofacial Development",
	year = "2009",
	month = "March",
	volume = "5",
	pages = "e1000215",
	number = "3",
	doi = "10.1371/journal.pcbi.1000215"
} % see also entry TongueDevVideo
%	url = "http://dx.doi.org/10.1371\%2Fjournal.pcbi.1000215",
% author = "Leach, S.M. and Tipney, H. and Feng, W. and Baumgartner, Jr., W.A. and Kasliwal, P. and Schuyler, R.P. and Williams, T. and Spritz, R.A. and Hunter, L.",

@article
{Lemmens2006a,
	title = "Inferring transcriptional modules from {ChIP-chip}, motif and microarray data",
	author = "Lemmens, K. and Dhollander, T. and {De Bie}, T. and Monsieurs, P. and Engelen, K. and others",
	journal = "Genome Biology",
	year = "2006",
	volume = "7",
	number = "5",
	pages = "R37",
	month = "May",
} % author = "Lemmens, K. and Dhollander, T. and {De Bie}, T. and Monsieurs, P. and Engelen, K. and Smets, B. and Winderickx, J. and {De Moor}, B. and Marchal, K.",

@article
{Lercher2002a,
	title = "Human {SNP} variability and mutation rate are higher in regions of high recombination",
	journal = "Trends in Genetics",
	volume = "18",
	number = "7",
	pages = "337-340",
	year = "2002",
	doi = "10.1016/S0168-9525(02)02669-0",
	author = "M.J. Lercher and L.D. Hurst",
}

@article
{Li2005a,
	author = "Li, Q. and Lee, B. and Zhang, L.",
	title = "Genome-scale analysis of positional clustering of mouse testis-specific genes",
	journal = "BMC Genomics",
	volume = "6",
	year = "2005",
	number = "1",
	pages = "7",
	doi = "10.1186/1471-2164-6-7"
}

@article
{Li2008a,
    author = "Li, X.Y. and MacArthur, S. and Bourgon, R. and Nix, D. and Pollard, D.A. and others",
    journal = "{PLoS} Biology",
    title = "Transcription Factors Bind Thousands of Active and Inactive Regions in the \textit{Drosophila} Blastoderm ",
    year = "2008",
    month = "02",
    volume = "6",
    pages = "e27",
    number = "2",
    doi = "10.1371/journal.pbio.0060027"
} % url = "http://dx.doi.org/10.1371\%2Fjournal.pbio.0060027",
% author = "Li, X.Y. and MacArthur, S. and Bourgon, R. and Nix, D. and Pollard, D.A. and Iyer, V.N. and Hechmer, A. and Simirenko, L. and Stapleton, M. and Hendriks, C.L.L. and Chu, H.C. and Ogawa, N. and Inwood, W. and Sementchenko, V. and Beaton, A. and Weiszmann, R. and Celniker, S.E. and Knowles, D.W. and Gingeras, T. and Speed, T.P. and Eisen, M.B. and Biggin, M.D.",

@article
{Li2010a,
  title = "A nested mixture model for protein identification using mass spectrometry",
  author = "Li, Q. and MacCoss, M.J. and Stephens, M.",
  journal = "The Annals of Applied Statistics",
  volume = "4",
  number = "2",
  pages = "962-987",
  year = "2010",
  doi = "10.1214/09-AOAS316",
} % url = "http://arxiv.org/pdf/1011.2087.pdf"

@article
{Lieb2001a,
	author = "J.D. Lieb and X. Liu and D. Botstein and P.O. Brown",
	title = "Promoter-specific binding of {Rap1} revealed by genome-wide maps of protein-{DNA} association",
	journal = "Nature Genetics",
	year = "2001",
	month = "August",
	volume = "28",
	number = "4",
	pages = "327-334",
	doi = "10.1038/91045",
}

@article
{Liaw,
    title = {Classification and Regression by randomForest},
    author = {Andy Liaw and Matthew Wiener},
    journal = {R News},
    year = {2002},
    volume = {2},
    number = {3},
    pages = {18-22},
    url = {http://CRAN.R-project.org/doc/Rnews/},
  }

@misc
{LockeSite,
	author = "Locke, J.",
	title = "Mapping chromosome 4 of \textit{{D}rosophila melanogaster}",
	note = "Retrieved June 5, 2013, from http://www.biology.ualberta.ca/locke.hp/research.htm\#mapping",
	year = "2013",
}
	
@article
{Lourme2013a,
	author = "Lourme, A. and Biernacki, C.",
	title = "Simultaneous {G}aussian model-based clustering for samples of multiple origins",
	year = "2013",
	journal = "Computational Statistics",
	volume = "28",
	issue = "1",
	pages = "371-391",
	doi = "10.1007/s00180-012-0305-5",
}%url = "http://dx.doi.org/10.1007/s00180-012-0305-5",

@article
{Lou2014a,
	author = "Luo, H. and Lin, Y. and Gao, F. and Zhang, C.T. and Zhang, R.",
	title = "DEG 10, an update of the database of essential genes that includes both protein-coding genes and noncoding genomic elements",
	year = "2014",
	journal = "Nucleic Acids Research",
	volume = "42",
	pages = "D574–D580",
	doi = "http://doi.org/10.1093/nar/gkt1131",
}

@article
{Lusk2008a,
	title = "Use of an evolutionary model to provide evidence for a wide heterogeneity of required affinities between transcription factors and their binding sites in yeast",
	author = "R.W. Lusk and M.B. Eisen",
	journal = "Pacific Symposium on Biocomputing",
	volume = "13",
	pages = "489-500",
	year = "2008",
}

@article
{MacAlpine2004a,
	author = "{MacAlpine}, D.M. and Rodriguez, H.K. and Bell, S.P.",
	title="Coordination of replication and transcription along a {Drosophila} chromosome",
	journal = "Genes \& Development",
	volume = "18",
	number = "24",
	pages = "3094-3105",
	doi = "10.1101/gad.1246404",
	year = "2004",
}
%	url = "http://genesdev.cshlp.org/content/18/24/3094.abstract",

@article
{MacAlpine2005a,
	title = "A genomic view of eukaryotic {DNA} replication",
	author = "{MacAlpine}, D.M. and Bell, S.P.",
	journal = "Chromosome Research",
	volume = "13",
	number = "3",
	pages = "309-326",
	year = "2005",
}
%	url = "http://www.ncbi.nlm.nih.gov/pubmed/15868424",

@article
{Maksimovic2012a,
	author = "Maksimovic, J. and Gordon, L. and Oshlack, A.",
	title = "{SWAN: Subset-quantile Within Array Normalization} for {Illumina Infinium HumanMethylation450 BeadChips}",
	journal = "Genome Biology",
	volume = "13",
	year = "2012",
	number = "6",
	pages = "R44",
	doi = "10.1186/gb-2012-13-6-r44",
	pubmedid = "22703947",
}
%url = {http://genomebiology.com/2012/13/6/R44},

@misc
{MAQCsite,
	author = "{U.S. Food and Drug Administration}",
	title = "{MicroArray Quality Control (MAQC)}",
	year = "2010", 
	note = "Retrieved February 22, 2010, from http://www.fda.gov/ScienceResearch/BioinformaticsTools/\\MicroarrayQualityControlProject/",
   
}

@article
{MAQC2006a,
	author = "{MAQC Consortium}",
	title = "The {MicroArray Quality Control (MAQC)} project shows inter- and intraplatform reproducibility of gene expression measurements",
	journal = "Nature Biotechnology",
	year = "2006",
	volume = "24",
	number = "9",
	pages = "1151-1161",
}

@article
{Mardis2008a,
	author = "E.R. Mardis",
	title = "Next-generation {DNA} sequencing methods",
	journal = "Annual Review of Genomics and Human Genetics",
	year = "2008",
	volume = "9",
	pages = "387-402",
}

@article
{Margulies2005a,
	author = "Margulies, M. and Egholm, M. and Altman, W.E. and Attiya, S. and Bader, J.S. and others",
	title = "Genome sequencing in microfabricated high-density picolitre reactors",
	journal = "Nature",
	year = "2005",
	volume = "437",
	number = "7057",
	pages = "376-380",
	doi = "10.1038/nature03959",
}
%	url = "http://www.ncbi.nlm.nih.gov/pmc/articles/PMC1464427/",
% author = "Margulies, M. and Egholm, M. and Altman, W.E. and Attiya, S. and Bader, J.S. and Bemben, L.A. and Berka, J. and Braverman, M.S. and Chen, Y.J. and Chen, Z. and Dewell, S.B. and Du, L. and Fierro, J.M. and Gomes, X.V. and Godwin, B.C. and He, W. and Helgesen, S. and Ho, C.H. and Irzyk, G.P. and Jando, S.C. and Alenquer, M.L.I. and Jarvie, T.P. and Jirage, K.B. and Kim, J.B. and Knight, J.R. and Lanza, J.R. and Leamon, J.H. and Lefkowitz, S.M. and Lei, M. and Li, J. and Lohman, K.L. and Lu, H. and Makhijani, V.B. and McDade, K.E. and McKenna, M.P. and Myers, E.W. and Nickerson, E. and Nobile, J.R. and Plant, R. and Puc, B.P. and Ronan, M.T. and Roth, G.T. and Sarkis, G.J. and Simons, J.F. and Simpson, J.W. and Srinivasan, M. and Tartaro, K.R. and Tomasz, A. and Vogt, Kari A. and Volkmer, G.A. and Wang, S.H. and Wang, Y. and Weiner, M.P. and Yu, P. and Begley, R.F. and Rothberg, J.M.",

@book
{McLachlan2008a,
	author = "G.J. McLachlan and T. Krishnan",
	title = "The {EM} Algorithm and Extensions",
	publisher = "Wiley",
	address = "Hoboken, New Jersey",
	year = "2008",
	edition = "second",
}

@article
{McNeil2009a,
	author = "A.J. McNeil and J. Ne\v{s}lehov\'{a}",
	title = "Multivariate {A}rchimedean Copulas, $d$-monotone Functions and $\ell_1$-norm Symmetric Distributions",
	journal = "Annals of Statistics",
	year = "2009",
	volume = "37",
	number = "5B",
	pages = "3059-3097",
	doi="10.1214/07-AOS556",
}
%	url="http://projecteuclid.org/euclid.aos/1247836677"

@misc
{MEMEsite,
	author = "T.L. Bailey and C. Elkan",
	title = "The {MEME} suite",
	month = "last accessed September 3,",
	year = "2010", 
	howpublished = "\texttt{http://meme.sdsc.edu}",
}

@manual
{Meyer,
    title = {e1071: Misc Functions of the Department of Statistics, Probability Theory Group (Formerly: E1071), TU Wien},
    author = {David Meyer and Evgenia Dimitriadou and Kurt Hornik and Andreas Weingessel and Friedrich Leisch},
    year = {2017},
    note = {R package version 1.6-8},
    url = {https://CRAN.R-project.org/package=e1071},
  }  

@manual
{minerva,
	title = "\texttt{minerva}: {Maximal Information-Based Nonparametric Exploration R} package for Variable Analysis",
	author = "M. Filosi and R. Visintainer and D. Albanese",
	year = "2013",
	note = "R package version 1.3",
	url = "http://cran.r-project.org/package=minerva",
} % MINE R package

@manual
{minfi,
    title = "\texttt{minfi}: {Analyze Illumina's 450k methylation arrays}",
    author = "K.D. Hansen and M. Ayree and R.A. Irizarry",
    note = "R package version 1.8.9",
    year = "2014",
    url = "http://www.bioconductor.org/packages/release/bioc/html/minfi.html",
  }

@article
{Mobegi2017,
    author = {Mobegi, Fredrick M. and Zomer, Aldert and de Jonge, Marien I. and van Hijum, Sacha A. F. T.},
    title = {Advances and perspectives in computational prediction of microbial gene essentiality},
    journal = {Briefings in Functional Genomics},
    volume = {16},
    number = {2},
    pages = {70-79},
    year = {2017},
    doi = {10.1093/bfgp/elv063},
    URL = {http://dx.doi.org/10.1093/bfgp/elv063},
    }

@article
{Moorman2006a,
	author = "Moorman, C. and Sun, L.V. and Wang, J. and {de Wit}, E. and Talhout, W. and others",
	title = "Hotspots of transcription factor colocalization in the genome of \textit{Drosophila melanogaster}",
	journal = "Proceedings of the National Academy of Sciences",
	volume = "103",
	number = "32",
	pages = "12027-12032",
	doi = "10.1073/pnas.0605003103",
	year = "2006",
}
%	url = "http://www.pnas.org/content/103/32/12027.abstract",
% author = "Moorman, C. and Sun, L.V. and Wang, J. and {de Wit}, E. and Talhout, W. and Ward, L.D. and Greil, F. and Lu, X.J. and White, K.P. and Bussemaker, H.J. and {van Steensel}, B.",

@misc
{motilitysite,
	author = "Brown, C.T.",
	title = "Motility: A {C++/Python} toolkit for sequence motif searching",
	month = "last accessed March 2,",
	year = "2010", 
	howpublished = "\texttt{http://cartwheel.caltech.edu/motility/intro.html}",
}

@manual
{Mullen2012a,
    title = "\texttt{nnls}: The {L}awson-{H}anson algorithm for non-negative least squares ({NNLS})",
    author = "K.M. Mullen and I.H.M. {van Stokkum}",
    year = "2012",
    note = "R package version 1.4",
  } % url = "http://CRAN.R-project.org/package=nnls",


@article
{Nadarajah2005a,
	author = "Nadarajah, S.",
	title = "A generalized normal distribution",
	journal = "Journal of Applied Statistics",
	volume = "32",
	number = "7",
	pages = "685-694",
	year = "2005",
	doi = "10.1080/02664760500079464",
}
%	url = "http://dx.doi.org/10.1080/02664760500079464",

@article
{Narlikar2009a,
	author = "Narlikar, L. and Ovcharenko, I.",
	title = "Identifying regulatory elements in eukaryotic genomes",
	journal = "Briefings in Functional Genomics and Proteomics",
	volume = "8",
	number = "4",
	pages = "215-230",
	doi = "10.1093/bfgp/elp014",
	year = "2009",
} % good source of references on PWM and other motif finding techniques; see entire issue since it is a special issue on locating regulator elements
%	url = "http://bfg.oxfordjournals.org/cgi/content/abstract/8/4/215",

@inproceedings
{Nelsen2005a,
	author = "R.B. Nelsen",
	title = "Dependence modeling with {A}rchimedean copulas",
	booktitle = "Proceedings of the Second Brazilian Conference on Statistical Modelling in Insurance and Finance",
	pages = "45-54",
	year = "2005",
	url = "http://legacy.lclark.edu/\~{}mathsci/brazil2.pdf",
}

@article
{Newton2004a,
	author = "Newton, M.A. and Noueiry, A. and Sarkar, D. and Ahlquist, P.", 
	title = "Detecting differential gene expression with a semiparametric hierarchical mixture method", 
	volume = "5", 
	number = "2", 
	pages = "155-176", 
	year = "2004", 
	doi = "10.1093/biostatistics/5.2.155", 
	journal = "Biostatistics" 
} % "direct FDR" (false discovery rate) paper

@misc
{NHANES2010,
	author = "{Centers for Disease Control and Prevention (CDC)}",
	title = "{National Health and Nutrition Examination Survey (NHANES)}",
	year = "2009-2010",
	url = "http://wwwn.cdc.gov/nchs/nhanes/search/nhanes09_10.aspx"
}

@article
{OrtizBarahona2010a,
	author = "Ortiz-Barahona, A. and Villar, D. and Pescador, N. and Amigo, J. and {del Peso}, L.", 
	title = "Genome-wide identification of hypoxia-inducible factor binding sites and target genes by a probabilistic model integrating transcription-profiling data and in silico binding site prediction", 
	volume = "38", 
	number = "7", 
	pages = "2332-2345", 
	year = "2010", 
	doi = "10.1093/nar/gkp1205",
	journal = "Nucleic Acids Research" 
}
%	url = "http://nar.oxfordjournals.org/content/38/7/2332.abstract", 

@article
{Ozdemir2011a,
	author = "Ozdemir, A. and {Fisher-Aylor}, K.I. and Pepke, S. and Samanta, M. and Dunipace, L. and others", 
	title = "High resolution mapping of {T}wist to {D}NA in {D}rosophila embryos: Efficient functional analysis and evolutionary conservation",
	volume = "21", 
	number = "4", 
	pages = "566-577", 
	year = "2011", 
	doi = "10.1101/gr.104018.109",
	journal = "Genome Research",
} % author = "Ozdemir, A. and {Fisher-Aylor}, K.I. and Pepke, S. and Samanta, M. and Dunipace, L. and {McCue}, K. and Zeng, L. and Ogawa, N. and Wold, B.J. and Stathopoulos, A.", 

@article
{Patterson2006a,
	author = "Patterson, T.A. and Lobenhofer, E.K. and Fulmer-Smentek, S.B. and Collins, P.J. and Chu, T.M. and others",
	title = "Performance comparison of one-color and two-color platforms within the {MicroArray Quality Control (MAQC)} project",
	journal = "Nature Biotechnology",
	year = "2006",
	volume = "24",
	number = "9",
	pages = "1140-1150",
} % author = "Patterson, T.A. and Lobenhofer, E.K. and Fulmer-Smentek, S.B. and Collins, P.J. and Chu, T.M. and Bao, W. and Fang, H. and Kawasaki, E.S. and Hager, J. and Tikhonova, I.R. and Walker, S.J. and Zhang, L. and Hurban, P. and {de Longueville}, F. and Fuscoe, J.C. and Tong, W. and Shi, L. and Wolfinger, R.D.",

@inproceedings{
Pavlidis2001a,
  title={Gene functional classification from heterogeneous data},
  author={Pavlidis, P. and Weston, J. and Cai, J. and Grundy, W.N.},
  booktitle={Proceedings of the Fifth Annual International Conference on Computational Biology},
  pages={249-255},
  year={2001},
  organization={ACM}
}

@misc
{perlsite,
	title = "The {P}erl programming language",
	note = "\texttt{http://www.perl.org/}",
}

@inproceedings
{Pestian2007a,
	author = "J.P. Pestian and C. Brew and P. Matykiewicz and D.J. Hovermale and N. Johnson and others",
	title = "A shared task involving multi-label classification of clinical free text",
	booktitle = "{BioNLP} 2007:  {B}iological, translational, and clinical language processing",
	pages = "97-104",
	year = "2007",
	url = "http://aclweb.org/anthology-new/W/W07/W07-1013.pdf",
} % author = "J.P. Pestian and C. Brew and P. Matykiewicz and D.J. Hovermale and N. Johnson and K.B. Cohen and W. Duch",

@article
{Peters2009a,
	author = "J.M. Peters and R.A. Mooney and P.F. Kuan and J.L. Rowland and S. Kele\c{s} and R. Landick",
	title = "Rho directs widespread termination of intragenic and stable {RNA} transcription",
	journal = "Proceedings of the National Academy of Sciences",
	year = "2009",
	volume = "106",
	number = "36",
	pages = "15406-15411",
	doi = "10.1073/pnas.0903846106"
}

@misc
{Petersen2008a,
	author = "K.B. Petersen and M.S. Pedersen",
	title = "The Matrix Cookbook",
	year = "2008",
	month = "October",
	publisher = "Technical University of Denmark",
	note = "Version 20081110",
	url = "http://www2.imm.dtu.dk/pubdb/p.php?3274",
	howpublished = "\texttt{http://matrixcookbook.com/}",
}

@article
{Polavarapu2008a,
	author = "Polavarapu, N. and Marino-Ramirez, L. and Landsman, D. and McDonald, J. and Jordan, I.K.",
	title = "Evolutionary rates and patterns for human transcription factor binding sites derived from repetitive {DNA}",
	journal = "{BMC} Genomics",
	volume = "9",
	year = "2008",
	number = "1",
	pages = "226",
	doi = "10.1186/1471-2164-9-226",
}
%	url = "http://www.biomedcentral.com/1471-2164/9/226",

@article
{Poyatos2007a,
	author = "Poyatos, J. and Hurst, L.",
	title = "The determinants of gene order conservation in yeasts",
	journal = "Genome Biology",
	volume = "8",
	year = "2007",
	number = "11",
	pages = "R233",
	doi = "10.1186/gb-2007-8-11-r233"
}

@misc
{Price2013a,
	author = "M. Price",
	title = "{Illumina HumanMethylation450 BeadChip}:  {UBC} enhanced annotation v1.0",
	year = "2013",
	url = "http://www.ncbi.nlm.nih.gov/geo/query/acc.cgi?acc=GPL16304",
}

@article
{Price2013b,
	author = {Price, E Magda and Cotton, Allison and Lam, Lucia and Farre, Pau and Emberly, Eldon and Brown, Carolyn and Robinson, Wendy and Kobor, Michael},
	title = {Additional annotation enhances potential for biologically-relevant analysis of the Illumina Infinium HumanMethylation450 BeadChip array},
	journal = {Epigenetics & Chromatin},
	volume = {6},
	year = {2013},
	number = {1},
	pages = {4},
	url = {http://www.epigeneticsandchromatin.com/content/6/1/4},
	doi = {10.1186/1756-8935-6-4},
	PubMedID = {23452981},
}

@misc
{pythonsite,
	title = "The {P}ython programming language",
	note = "\texttt{http://python.org/}",
}

@article
{Qian2007a,
	author = "Z. Qian and L. Lu and X. Liu and Y.D. Cai and Y. Li",
	title = "An approach to predict transcription factor {DNA} binding site specificity based upon gene and transcription factor functional categorization",
	journal = "Bioinformatics",
	volume = "23",
	number = "18",
	pages = "2449-2454",
	year = "2007",
	doi = "10.1093/bioinformatics/btm348",
}

@article
{Qin2011a,
	author = "Qin, J. and Li, M.J. and Wang, P. and Zhang, M.Q. and Wang, J.", 
	title = "{ChIP-Array}: combinatory analysis of {ChIP}-seq/chip and microarray gene expression data to discover direct/indirect targets of a transcription factor", 
	volume = "39", 
	number = "suppl 2", 
	pages = "W430-W436", 
	year = "2011", 
	doi = "10.1093/nar/gkr332",
	journal = "Nucleic Acids Research",
}
%	url = "http://nar.oxfordjournals.org/content/39/suppl\_2/W430.abstract", 

@manual
{R,
	title = {R: A Language and Environment for Statistical Computing},
	author = {{R Core Team}},
	organization = {R Foundation for Statistical Computing},
	address = {Vienna, Austria},
	year = {2014},
	url = {http://www.R-project.org},
}

@article
{Rausenberger2009a,
	author = "J. Rausenberger and C. Fleck and J. Timmer and M. Kollmann",
	title = "Signatures of gene expression noise in cellular systems",
	journal = "Progress in Biophysics and Molecular Biology",
	volume = "100",
	number = "1-3",
	pages = "57-66",
	year = "2009",
}

@misc
{REDflysite,
	author = "Halfon, M.S. and Gallo, S.M. and Bergman, C.M.",
	title = "{REDfly}:  {R}egulatory {E}lement {D}atabase for \textit{Drosophila}",
	month = "last accessed August 4,",
	year = "2010", 
	howpublished = "\texttt{http://redfly.ccr.buffalo.edu/}",
}

@article
{Reiss2006a,
	author = "Reiss, D. and Baliga, N. and Bonneau, R.",
	title = "Integrated biclustering of heterogeneous genome-wide datasets for the inference of global regulatory networks",
	journal = "{BMC} Bioinformatics",
	volume = "7",
	year = "2006",
	number = "1",
	pages = "280",
	doi = "10.1186/1471-2105-7-280",
}
%	url = "http://www.biomedcentral.com/1471-2105/7/280",

@article
{Reshef2011a,
  title = "Detecting novel associations in large data sets",
  author = "Reshef, D.N. and Reshef, Y.A. and Finucane, H.K. and Grossman, S.R. and McVean, G. and Turnbaugh, P.J. and Lander, E.S. and Mitzenmacher, M. and Sabeti, P.C.",
  journal = "Science",
  volume = "334",
  number = "6062",
  pages = "1518-1524",
  year = "2011",
  doi = "10.1126/science.1205438",
} % original MINE article

@article
{Roberts2007a,
	author = "S.B. Roberts and A.J. Mazurie and G.A. Buck",
	title = "Integrating Genome-Scale Data for Gene Essentiality Prediction",
	journal = "Chemistry \& Biodiversity",
	volume = "4",
	number = "11",
	pages = "2618-2630",
	year = "2007",
	doi = "10.1002/cbdv.200790214",
}

@article
{Rougemont2008a,
	author = "Rougemont, J. and Amzallag, A. and Iseli, C. and Farinelli, L. and Xenarios, I. and Naef, F.",
	title = "Probabilistic base calling of {S}olexa sequencing data",
	journal = "BMC Bioinformatics",
	volume = "9",
	year = "2008",
	number = "1",
	pages = "431",
	doi = "10.1186/1471-2105-9-431",
}
%	url = "http://www.biomedcentral.com/1471-2105/9/431",

@article
{Saha2006a,
	author = "S. Saha and S. Heber",
	title = "In silico prediction of yeast deletion phenotypes",
	journal = "Genetics and Molecular Research",
	volume = "5",
	number = "1",
	pages = "224-232",
	year = "2006",
}
%	url = "http://www.funpecrp.com.br/gmr/year2006/vol1-5/xm0013_abstract.htm",

@article
{Sasaki1997a,
	author = "Sasaki, H. and Hui, C. and Nakafuku, M. and Kondoh, H.",
	title = "A binding site for {Gli} proteins is essential for ${HNF}-3\beta$ floor plate enhancer activity in transgenics and can respond to {Shh} in vitro",
	journal = "Development",
	volume = "124",
	number = "7",
	pages = "1313-1322",
	year = "1997",
}
%	url = "http://dev.biologists.org/content/124/7/1313.abstract",

@article
{Schadt2003a,
	author = "E.E. Schadt and S.A. Monks and T.A. Drake and A.J. Lusis and N. Che and others",
	title = "Genetics of gene expression surveyed in maize, mouse and man",
	journal = "Nature",
	volume = "422",
	number = "6929",
	pages = "297-302",
	year = "2003",
	doi = "10.1038/nature01434",
} % author = "E.E. Schadt and S.A. Monks and T.A. Drake and A.J. Lusis and N. Che and V. Colinayo and T.G. Ruff and S.B. Milligan and J.R. Lamb and G. Cavet and P.S. Linsley and M. Mao and R.B. Stoughton and S.H. Friend",

@inproceedings
{Schwartz2013a,
	author = "Schwartz, D.A. and Yang, I.V. and Pedersen, B.S. and Liu, A. and {O'Connor}, G.T. and others",
	title = "{DNA} Methylation Changes And Childhood Asthma In The Inner City",
	booktitle = "American Thoracic Society International Conference Abstracts",
	year = "2013",
	month = "May",
	pages = "A2121-A2121",
	doi = "10.1164/ajrccm-conference.2013.187.1_MeetingAbstracts.A2121",
} % author = "Schwartz, D.A. and Yang, I.V. and Pedersen, B.S. and Liu, A. and {O'Connor}, G.T. and Teach, S.J. and Kattan, M. and Misiak, R.T. and Gruchalla, R. and Steinbach, S.F. and Szefler, S.J. and Gill, M.A. and Calatroni, A. and David, G. and Hennessy, C.E. and Davidson, E. and {von Mutius}, E. and Ege, M.J. and Genuneit, J. and Horak, E. and {Braun-Fahrlander}, C. and Shabalin, A.A. and Gergen, P. and Togias, A. and Busse, W.W.",

@article
{Schwarz1978a,
	title = "Estimating the dimension of a model",
	author = "G. Schwarz",
	journal = "The Annals of Statistics",
	year = "1978",
	volume = "6",
	number = "2",
	pages = "461-464",
} % original BIC paper

@article
{Seno2006a,
	author = "Seno, S. and Takenaka, Y. and Kai, C. and Kawai, J. and Carninci, P. and others",
	journal = "PLoS Genetics",
	title = "A Method for Similarity Search of Genomic Positional Expression Using {CAGE}",
	year = "2006",
	month = "April",
	volume = "2",
	pages = "e44",
	number = "4",
	doi = "10.1371/journal.pgen.0020044"
} % author = "Seno, S. and Takenaka, Y. and Kai, C. and Kawai, J. and Carninci, P. and Hayashizaki, Y. and Matsuda, H.",

@article
{Seringhaus2006a,
	author = "Seringhaus, M. and Paccanaro, A. and Borneman, A. and Snyder, M. and Gerstein, M.",
	title = "Predicting essential genes in fungal genomes",
	journal = "Genome Research",
	volume = "16",
	number = "9",
	pages = "1126-1135",
	doi = "10.1101/gr.5144106",
	year = "2006",
}
%	url = "http://genome.cshlp.org/content/16/9/1126.full",

@misc
{SGDsite,
	title = "\textit{Saccharomyces} {Genome Database}",
	month = "last accessed June 6,",
	year = "2013", 
	howpublished = "\texttt{http://www.yeastgenome.org/}",
} % see also "Cherry2012a"

@article
{Shao1993a,
	title = "Linear Model Selection by Cross-Validation",
	author = "Shao, J.",
	journal = "Journal of the American Statistical Association",
	volume = "88",
	number = "422",
	pages = "486-494",
	year = "1993",
}

@article
{Sharp1987a,
  title = "The codon adaptation index--a measure of directional synonymous codon usage bias, and its potential applications",
  author = "Sharp, P.M. and Li, W.H.",
  journal = "Nucleic Acids Research",
  volume = "15",
  number = "3",
  pages = "1281-1295",
  year = "1987",
}

@article
{Shendure2008a,
	author = "J. Shendure",
	title = "The beginning of the end for microarrays?",
	journal = "Nature Methods",
	volume = "5",
	number = "7",
	year = "2008",
	pages = "585-587",
}

@article
{Shim2008a,
	author = "Shim, H. and Kele\c{s}, S.",
	title = "Integrating quantitative information from {ChIP-chip} experiments into motif finding",
	journal = "Biostatistics",
	volume = "9",
	number = "1",
	pages = "51-65",
	doi = "10.1093/biostatistics/kxm014",
	year = "2008",
}

@article
{Siepel2005a,
	author = "Siepel, A. and Bejerano, G. and Pedersen, J.S. and Hinrichs, A.S. and Hou, M. and others",
	title="Evolutionarily conserved elements in vertebrate, insect, worm, and yeast genomes",
	journal = "Genome Research",
	volume = "15",
	number = "8",
	pages = "1034-1050",
	doi = "10.1101/gr.3715005",
	year = "2005",
} % main PhastCons paper
%	url = "http://genome.cshlp.org/content/15/8/1034.abstract",
% author = "Siepel, A. and Bejerano, G. and Pedersen, J.S. and Hinrichs, A.S. and Hou, M. and Rosenbloom, K. and Clawson, H. and Spieth, J. and Hillier, L.W. and Richards, S. and Weinstock, G.M. and Wilson, R.K. and Gibbs, R.A. and Kent, W.J. and Miller, W. and Haussler, D.",

@article
{Song2000a,
	title = "Multivariate Dispersion Models Generated from {G}aussian Copula",
	author = "Song, P.X.",
	journal = "Scandinavian Journal of Statistics",
	volume = "27",
	number = "2",
	pages = "305-320",
	year = "2000",
}
%	url = "http://www.jstor.org/stable/4616605",

@article
{Song2012a,
  title="Comparison of co-expression measures: mutual information, correlation, and model based indices",
  author="Song, L. and Langfelder, P. and Horvath, S.",
  journal="{BMC} Bioinformatics",
  volume="13",
  number="1",
  pages="328",
  year="2012",
  doi="10.1186/1471-2105-13-328",
}

@misc
{SQLite,
	title = "{SQLite} database management system",
	note = "\texttt{http://www.sqlite.org/}"
}

@article
{Smith2007a,
	author = "C.D. Smith and S.Q. Shu and C.J. Mungall and G.H. Karpen",
	title = "The {R}elease 5.1 Annotation of {D}rosophila melanogaster Heterochromatin",
	journal = "Science",
	volume = "316",
	number = "5831, 15 June",
	year = "2007",
	pages = "1586-1591",
	doi = "10.1126/science.1139815",
}

@article
{Sopko2006a,
  title = "Mapping pathways and phenotypes by systematic gene overexpression",
  author = "Sopko, R. and Huang, D. and Preston, N. and Chua, G. and Papp, B. and others",
  journal = "Molecular Cell",
  volume = "21",
  number = "3",
  pages = "319-330",
  year = "2006",
} % author = "Sopko, R. and Huang, D. and Preston, N. and Chua, G. and Papp, B. and Kafadar, K. and Snyder, M. and Oliver, S.G. and Cyert, M. and Hughes, T.R. and others",

@article
{Steffen2012a,
	author = "Steffen, K.K. and McCormick, M.A. and Pham, K.M. and MacKay, V.L. and Delaney, J.R. and others", 
	title = "Ribosome Deficiency Protects Against {ER} Stress in {S}accharomyces cerevisiae",
	volume = "191", 
	number = "1", 
	pages = "107-118", 
	year = "2012", 
	doi = "10.1534/genetics.111.136549", 
	journal = "Genetics" 
} % author = "Steffen, K.K. and McCormick, M.A. and Pham, K.M. and MacKay, V.L. and Delaney, J.R. and Murakami, C.J. and Kaeberlein, M. and Kennedy, B.K.",

@article
{Stevenson2001a,
	author = "Stevenson, L.F. and Kennedy, B.K. and Harlow, E.", 
	title = "A large-scale overexpression screen in {Saccharomyces} cerevisiae identifies previously uncharacterized cell cycle genes",
	volume = "98", 
	number = "7", 
	pages = "3946-3951", 
	year = "2001", 
	doi = "10.1073/pnas.051013498", 
	journal = "Proceedings of the National Academy of Sciences",
}

@article
{Storey2002a,
	author = "Storey, J.D.",
	title = "A direct approach to false discovery rates",
	journal = "Journal of the Royal Statistical Society: Series B (Statistical Methodology)",
	volume = "64",
	number = "3",
	doi = "10.1111/1467-9868.00346",
	pages = "479-498",
	year = "2002",
} % nonparametric false discovery rate (FDR)
%	url = "http://dx.doi.org/10.1111/1467-9868.00346",


@article
{Strimmer2008a,
	author = "Strimmer, K.",
	title = "A unified approach to false discovery rate estimation",
	journal = "{BMC} Bioinformatics",
	volume = "9",
	year = "2008",
	number = "1",
	pages = "303",
	doi = "10.1186/1471-2105-9-303",
	PubMedID = "18613966",
} % semiparametric false discovery rate (FDR)v
%	url = "http://www.biomedcentral.com/1471-2105/9/303",

@article
{Subudhi2014a,
    author = {Subudhi, Andrew W. and Bourdillon, Nicolas and Bucher, Jenna and Davis, Christopher and Elliott, Jonathan E. and Eutermoster, Morgan and Evero, Oghenero and Fan, Jui-Lin and {Jameson-Van Houten}, Sonja  and Julian, Colleen G. and Kark, Jonathan and Kark, Sherri and Kayser, Bengt and Kern, Julia P. and Kim, See Eun and Lathan, Corinna and Laurie, Steven S. and Lovering, Andrew T. and Paterson, Ryan and Polaner, David M. and Ryan, Benjamin J. and Spira, James L. and Tsao, Jack W. and Wachsmuth, Nadine B. and Roach, Robert C.},
    journal = {PLoS ONE},
    title = {{AltitudeOmics}: The Integrative Physiology of Human Acclimatization to Hypobaric Hypoxia and Its Retention upon Reascent},
    year = {2014},
    month = {03},
    volume = {9},
    pages = {e92191},
    number = {3},
}
%doi = {10.1371/journal.pone.0092191},
%url = {http://dx.doi.org/10.1371%2Fjournal.pone.0092191},    

@article
{Sun2010a,
	title = "Robust mixture clustering using {Pearson type VII} distribution",
	journal = "Pattern Recognition Letters",
	volume = "31",
	number = "16",
	pages = "2447-2454",
	year = "2010",
	doi = "10.1016/j.patrec.2010.07.015",
	author = "J. Sun and A. Kab{\'a}n and J.M. Garibaldi",
}
%	url = "http://www.sciencedirect.com/science/article/pii/S0167865510002394",

@misc
{TCGAsite,
	author = "{National Cancer Institute}",
	title = "{T}he {C}ancer {G}enome {A}tlas",
	year = "2013", 
	note = "Retrieved May 26, 2013, from http://cancergenome.nih.gov/",
}

@article
{Tkacik2008a,
    author = "Tka\v{c}ik, G. and Gregor, T. and Bialek, E.",
    journal = "{PLoS ONE}",
    title = "The Role of Input Noise in Transcriptional Regulation",
    year = "2008",
    month = "July",
    volume = "3",
    pages = "e2774",
    number = "7",
    doi = "10.1371/journal.pone.0002774",
}
%    url = "http://dx.doi.org/10.1371/journal.pone.0002774",

@article
{Tomancak2007a,
	author = "Tomancak, P. and Berman, B. and Beaton, A. and Weiszmann, R. and Kwan, E. and others",
	title = "Global analysis of patterns of gene expression during \textit{Drosophila} embryogenesis",
	journal = "Genome Biology",
	volume = "8",
	year = "2007",
	number = "7",
	pages = "R145",
	doi = "10.1186/gb-2007-8-7-r145",
	pubmedid = "17645804",
} % BDGP in situ gene expression pattern analysis paper; see also BDGPinsitu
%	url = "http://genomebiology.com/2007/8/7/R145",
% "Tomancak, P. and Berman, B. and Beaton, A. and Weiszmann, R. and Kwan, E. and others",

@misc
{TongueDevVideo,
	author = "H. Tipney",
	title = "Hanalyzer Tongue Presentation, {UC Denver}",
	month = "last accessed September 12,",
	year = "2010", 
	howpublished = "\texttt{http://www.youtube.com/watch?v=jAegU3aZbWI}",
} % see also entry Leach2009a

@article
{Trinklein2007a,
	author = {Trinklein, N.D. and Kara\"{o}z, U. and Wu, J. and Halees, A. and {Force Aldred}, S. and others},
	title="Integrated analysis of experimental data sets reveals many novel promoters in 1\% of the human genome",
	journal = "Genome Research",
	volume = "17",
	number = "6",
	pages = "720-731",
	doi = "10.1101/gr.5716607",
	year = "2007",
}
%	URL = "http://genome.cshlp.org/content/17/6/720.abstract",
% author = {Trinklein, N.D. and Kara\"{o}z, U. and Wu, J. and Halees, A. and {Force Aldred}, S. and Collins, P.J. and Zheng, D. and Zhang, Z.D. and Gerstein, M.B. and Snyder, M. and Myers, R.M. and Weng, Z.},

@article
{Tweedie2009a,
	author = "S. Tweedie and M. Ashburner and K. Falls and P. Leyland and P. McQuilton and others",
	title = "FlyBase: enhancing \textit{Drosophila} {Gene Ontology} annotations",
	journal = "Nucleic Acids Research",
	year = "2009",
	volume = "37",
	number = "Database issue",
	pages = "D555-D559",
	doi = "10.1093/nar/gkn788",
} % author = "S. Tweedie and M. Ashburner and K. Falls and P. Leyland and P. McQuilton and S. Marygold and G. Millburn and D. Osumi-Sutherland and A. Schroeder and R. Seal and H. Zhang and {The FlyBase Consortium}",

@article
{Tyekucheva2011a,
	author = "Tyeku\-cheva, S. and Marchionni, L. and Karchin, R. and Parmigiani, G.",
	title = "Integrating diverse genomic data using gene sets",
	journal = "Genome Biology",
	volume = "12",
	year = "2011",
	number = "10",
	pages = "R105",
	doi = "10.1186/gb-2011-12-10-r105",
	PubMedID = "22018358",
}
%	url = "http://genomebiology.com/2011/12/10/R105",

@misc
{UCSCGB,
	author = "{University of California, Santa Cruz}",
	title = "{UCSC Genome Browser}",
	year = "2013", 
	note = "Retrieved April 10, 2013, from http://genome.ucsc.edu/",
} % see also Fujita2011a

@article
{Vandenbol2000a,
	author = "Vandenbol, M. and Fairhead, C.",
	title = "Mass-murder deletion of 19 {ORFs} from {Saccharomyces cerevisiae} chromosome {XI}",
	journal = "Gene",
	year = "2000",
	volume = "247",
	number = "1-2",
	pages = "45-52",
}

@book
{Venables2002a,
	title = "Modern Applied Statistics with S",
	author = "W.N. Venables and B.D. Ripley",
	publisher = "Springer",
	address = "New York",
	edition = "Fourth",
	year = "2002",
} % nnet pp 203-204
%	url = "http://www.stats.ox.ac.uk/pub/MASS4",


@article
{Venters2009a,
	author = "Venters, B.J. and Pugh, B.F.",
	title = "How eukaryotic genes are transcribed",
	journal = "Critical Reviews in Biochemistry and Molecular Biology",
	volume = "44",
	number = "2-3",
	pages = "117-141",
	year = "2009",
	doi = "10.1080/10409230902858785",
}

@inproceedings
{Vermunt2005a,
  title="Hierarchical mixture models for nested data structures",
  author="Vermunt, J.K. and Magidson, J.",
  booktitle="Classification--the Ubiquitous Challenge: Proceedings of the 28th Annual Conference of the Gesellschaft f{\"u}r Klassifikation eV, University of Dortmund, March 9-11, 2004",
  volume="28",
  pages="240",
  year="2005",
  organization="Springer"
}

@article
{Viroli2010a,
   author = "Viroli, C.",
   title = "Dimensionally Reduced Model-Based Clustering Through Mixtures of Factor Mixture Analyzers",
   journal = "Journal of Classification",
   pages = "363-388",
   volume = "27",
   issue = "3",
   year = "2010",
}
%   url = "http://dx.doi.org/10.1007/s00357-010-9063-7",

@article
{VonOhlen1997a,
	author = "T. {Von Ohlen} and D. Lessing and R. Nusse and J.E. Hooper",
	title = "Hedgehog Signaling Regulates Transcription through Cubitus Interruptus, a Sequence-Specific {DNA} Binding Protein",
	journal = "Proceedings of the National Academy of Sciences",
	year = "1997",
	volume = "94",
	number = "6",
	pages = "2404-2409",
}
%	url = "http://www.jstor.org/stable/41650",

@article
{Wang2009a,
	author = "Z. Wang and M. Gerstein and M. Snyder",
	title = "{RNA-Seq}: a revolutionary tool for transcriptomics",
	journal = "Nature Reviews Genetics",
	year = "2009",
	volume = "10",
	number = "1",
	pages = "57-63",
	doi = "10.1038/nrg2484",
}

@article
{Wang2015a,
	author = "Wang, T. and Birsoy, K. and Hughes, N. W. and Krupczak, K. M. and Post, Y. and Wei, J. J. and Sabatini, D. M. and others",
	title = "Identification and characterization of essential genes in the human genome",
	journal = "Science",
	year = "2015",
	volume = "350",
	number = "6264",
	pages = "1096–1101",
	doi = "http://doi.org/10.1126/science.aac7041",
}

@article
{Wu2006a,
	author = "J. Wu and L.T. Smith and C. Plass and T.H.M. Huang",
	title = "{ChIP-chip} Comes of Age for Genome-wide Functional Analysis",
	journal = "Cancer Research",
	volume = "66",
	number = "14",
	pages = "6899-6902",
	year = "2006",
}

@article
{Wei2012a,
	author = "P. Wei and W. Pan",
	title = "Bayesian joint modeling of multiple gene networks and diverse genomic data to identify target genes of a transcription factor",
	journal = "Annals of Applied Statistics",
	volume  ="6",
	number = "1",
	pages = "334-355",
	year = "2012",
	doi = "10.1214/11-AOAS502",
} % url = "http://arxiv.org/pdf/1203.4359v1.pdf"

@article
{Wright1990a,
	title = "The `effective number of codons' used in a gene",
	journal = "Gene",
	volume = "87",
	number = "1",
	pages = "23-29",
	year = "1990",
	doi = "http://dx.doi.org/10.1016/0378-1119(90)90491-9",
	author = "F. Wright",
}

@article
{Wu2008a,
    author = "Wu, C. and Delano, D.L. and Mitro, N. and Su, S.V. and Janes, J. and others",
    journal = "{PLoS} Genetics",
    title = "Gene Set Enrichment in {eQTL} Data Identifies Novel Annotations and Pathway Regulators",
    year = "2008",
    month = "May",
    volume = "4",
    pages = "e1000070",
    number = "5",
    doi = "10.1371/journal.pgen.1000070",
}
%    url = "http://dx.plos.org/10.1371/journal.pgen.1000070",
%  author = "Wu, C. and Delano, D.L. and Mitro, N. and Su, S.V. and Janes, J. and McClurg, P. and Batalov, S. and Welch, G.L. and Zhang, J. and Orth, A.P. and Walker, J.R. and Glynne, R.J. and Cooke, M.P. and Takahashi, J.S. and Shimomura, K. and Kohsaka, A. and Bass, J. and Saez, E. and Wiltshire, T. and Su, A.I.",

@article
{Wysocki1999a,
  title = "Mass-murdering: deletion of twenty-three {ORFs} from \textit{Saccharomyces cerevisiae} chromosome {XI} reveals five genes essential for growth and three genes conferring detectable mutant phenotype",
  author = "Wysocki, R. and {Van Dyck}, E. and Fairhead, C. and Foury, F.",
  journal = "Gene",
  volume = "229",
  number = "1",
  pages = "37-45",
  year = "1999",
}

@article
{Xie2010a,
	author = "Y. Xie and W. Pan and K.S. Jeong and G. Xiao and A.B. Khodursky",
	title = "A {B}ayesian approach to joint modeling of protein-{DNA} binding, gene expression and sequence data",
	journal = "Statistics in Medicine",
	volume = "29",
	number = "4",
	pages = "489-503",
	year = "2010",
	doi = "10.1002/sim.3815"
}

@phdthesis
{Xu1996a,
	title = "Statistical Modelling and Inference for Multivariate and Longitudinal Discrete Response Data",
	author = "J.J. Xu",
	school = "University of British Columbia",
	year = "1996",
	url = "http://hdl.handle.net/2429/6188",
}

@article{
Yadav2012a,
    author = {Yadav, Gitanjali and Babu, Suresh},
    journal = {PLoS ONE},
    title = {{NEXCADE}: Perturbation Analysis for Complex Networks},
    year = {2012},
    month = {08},
    volume = {7},
    pages = {e41827},
    number = {8},
}
%doi = {10.1371/journal.pone.0041827}
%url = {http://dx.doi.org/10.1371%2Fjournal.pone.0041827},    

@inproceedings
{Yarowsky1995a,
	title = "Unsupervised word sense disambiguation rivaling supervised methods",
	author = "Yarowsky, D.",
	booktitle = "Proceedings of the 33rd annual meeting of the {Association for Computational Linguistics}",
	pages = "189-196",
	year = "1995",
	organization = "Association for Computational Linguistics",
	url = "http://acl.ldc.upenn.edu/P/P95/P95-1026.pdf"
}

@article
{Yu2006a,
	author = "W. Yu and X. Li and J. Liu and B. Wu and K.R. Williams and H. Zhao",
	title = "Multiple Peak Alignment in Sequential Data Analysis: A Scale-Space-Based Approach",
	journal = "IEEE/ACM Transactions on Computational Biology and Bioinformatics",
	volume = "3",
	number = "3",
	pages = "208-219",
	year = "2006",
	doi = "10.1109/TCBB.2006.41"
}

@article
{Zhang2005a,
  title = {A general Framework for weighted gene co-expression network analysis},
  author = {Zhang, Bin and Horvath, Steve},
  journal = {Statistical Applications in Genetics and Molecular Biology},
  volume = {4},
  number = {1},
  year = {2005},
  doi = {10.2202/1544-6115.1128},
  pmid = {16646834},
}

@article
{Zhang2007a,
	author = "Zhang, Z.D. and Paccanaro, A. and Fu, Y. and Weissman, S. and Weng, Z. and others",
	title="Statistical analysis of the genomic distribution and correlation of regulatory elements in the {ENCODE} regions",
	journal = "Genome Research",
	volume = "17",
	number = "6",
	pages = "787-797",
	doi = "10.1101/gr.5573107",
	year = "2007",
}


@article
{Zhang2015a,
	An = {PMC5349100},
	Author = {Zhang, Zhaojie and Ren, Qun},
	Date = {2015/07/25},
	Date-Added = {2018-06-16 15:44:39 +0000},
	Date-Modified = {2018-06-16 15:44:39 +0000},
	Db = {PMC},
	Doi = {10.15698/mic2015.08.218},
	Isbn = {2311-2638},
	J1 = {Microb Cell},
	Journal = {Microbial Cell},
	Month = {07},
	Number = {8},
	Pages = {280--287},
	Publisher = {Shared Science Publishers OG},
	Title = {Why are essential genes essential? - The essentiality of Saccharomyces genes},
	Ty = {JOUR},
	U1 = {MIC0175E140{$[$}PII{$]$}; 28357303{$[$}pmid{$]$}},
	Url = {http://www.ncbi.nlm.nih.gov/pmc/articles/PMC5349100/},
	Volume = {2},
	Year = {2015},
	Year1 = {2015/04/10/received},
	Year2 = {2015/05/28/accepted},
	Bdsk-Url-1 = {http://www.ncbi.nlm.nih.gov/pmc/articles/PMC5349100/},
	Bdsk-Url-2 = {http://dx.doi.org/10.15698/mic2015.08.218}
}

@article
{Zhang2016a,
	author = "Zhang X and Acencio ML and Lemke N",
	title="Predicting Essential Genes and Proteins Based on Machine Learning and Network Topological Features: A Comprehensive Review",
	journal = "Frontiers in Physiology",
	volume = "7",
	number = "75",
	doi = "10.3389/fphys.2016.00075",
	year = "2016",
}

@article
{Zeitlinger2007a,
	author = "Zeitlinger, J. and Zinzen, R.P. and Stark, A. and Kellis, M. and Zhang, H. and others", 
	title = "Whole-genome {ChIP-chip} analysis of {D}orsal, {T}wist, and {S}nail suggests integration of diverse patterning processes in the \textit{Drosophila} embryo", 
	volume = "21", 
	number = "4", 
	pages = "385-390", 
	year = "2007", 
	doi = "10.1101/gad.1509607",
	journal = "Genes \& Development" 
} 
%	url = "http://genesdev.cshlp.org/content/21/4/385.full.pdf+html", 
% author = "Zeitlinger, J. and Zinzen, R.P. and Stark, A. and Kellis, M. and Zhang, H. and Young, R.A. and Levine, M.", 

@misc
{Zhentong2008a,
	author = "L. Zhentong",
	title = "A note on {BIC}",
	year = "2008",
	url = "http://phbs.edu.cn/bbs/images/upfile/2008-8/20088594630.pdf",
} % class notes on derivation of BIC


@techreport
{Zhu2005a,
    author = "X. Zhu",
    title  = "Semi-supervised learning literature survey",
    institution = "University of Wisconsin, Department of Computer Sciences",
    number = "TR1530",
    year = "2005",
    url = "http://research.cs.wisc.edu/techreports/2005/TR1530.pdf",
}

@article
{Zhu2008a,
	author = "J. Zhu and B. Zhang and E.N. Smith and B. Drees and R.B. Brem and others",
	title = "Integrating Large-Scale Functional Genomic Data to Dissect the Complexity of Yeast Regulatory Networks",
	journal = "Nature Genetics",
	volume = "40",
	number = "7",
	pages = "854-861",
	year = "2008",
	month = "July",
	doi = "10.1038/ng.167",
}
%	url = "http://www.ncbi.nlm.nih.gov/pmc/articles/PMC2573859/",
% author = "J. Zhu and B. Zhang and E.N. Smith and B. Drees and R.B. Brem and L. Kruglyak and R.E. Bumgarner and E.E. Schadt",
